3158 4940
792 377 834 455 50

266 565 305 638 rie
331 571 553 656 bipartit03
588 573 680 656 grata
702 572 783 636 enirn
808 571 902 636 etiarn
930 569 1028 652 postis
1061 567 1175 633 nostris
1198 563 1256 632 hae
1277 563 1312 632 in
1333 584 1369 632 re

267 699 346 764 quae
370 681 544 748 rhetoribus
567 681 710 764 placebat
732 679 879 762 parisosis
901 679 956 744 aut
985 676 1217 760 parhomoiosis.
1262 675 1370 756 Quare

266 790 308 854 ut
329 789 513 856 sinistrae
534 789 746 856 hexametri
777 787 908 871 partis
927 785 1138 852 clausulam
1166 785 1370 850 clausulae

267 897 542 962 adsimilarent
573 899 701 964 totius
731 915 888 975 uersus,
924 895 1132 977 utrobique
1161 912 1222 959 eas
1251 912 1369 959 rocas

267 1006 455 1086 ponebant
474 1006 574 1071 iuter
597 1025 632 1071 se
657 1025 755 1088 quae
776 1003 1055 1086 responderent,
1079 1004 1135 1068 aut
1155 1004 1218 1068 ita:

368 1113 502 1198 Cynthia
522 1115 623 1196 prima
645 1114 725 1179 suis
747 1113 896 1178 miserum
919 1131 968 1176 me
990 1111 1071 1194 oepit
1093 1111 1233 1177 ocellis

365 1222 464 1287 Ianua
486 1223 536 1288 vel
557 1222 711 1288 domina
734 1221 857 1304 penitus
879 1219 1033 1286 crudelior
1053 1219 1138 1301 ipsa

368 1331 460 1396 Nunc
482 1332 564 1397 iacet
583 1331 745 1396 alterius
769 1329 853 1394 felici
875 1329 947 1394 niro
968 1327 1119 1392 lacerto

368 1439 413 1503 At
432 1459 481 1506 ma
503 1458 566 1505 non
587 1440 694 1506 aetas
717 1437 855 1504 mutabit
880 1437 949 1501 tota
973 1435 1151 1519 Sibyllae,

270 1550 327 1614 aut
349 1550 462 1614 teocius
475 1549 535 1614 rra:
1097 1523 1105 1539 '

366 1657 419 1722 Sic
430 1675 486 1740 ogo
500 1674 582 1720 uunc
594 1655 769 1720 dominae
779 1654 867 1720 vitiis
881 1654 913 1720 at
924 1672 1042 1736 semper
1053 1653 1217 1718 amantis
1226 1652 1368 1717 Fletibus

368 1763 429 1829 Illa
451 1783 566 1828 meum
590 1764 754 1830 extremo
776 1762 941 1830 clamasset
962 1762 1119 1844 perluere
1143 1779 1273 1826 nomon

368 1871 507 1936 Multum
531 1871 564 1936 in
586 1889 691 1937 amora
713 1869 824 1950 fides,
847 1869 982 1934 multum
1005 1869 1181 1935 constantia
1203 1867 1367 1950 prodest,

269 1981 326 2046 aut
347 1998 400 2062 per
423 1979 648 2062 oppositionem
672 1979 732 2044 ita:

369 2087 502 2169 Hospita
524 2088 769 2170 Demophoon
791 2087 900 2151 tuate
922 2085 1102 2168 Rhodopeia
1122 2085 1278 2169 Phyllis,

203 2221 206 2226 ·
270 2195 326 2260 aut
348 2195 384 2258 ut
403 2195 488 2277 pedis
511 2196 589 2260 sexti
610 2213 738 2260 munere
759 2193 887 2276 quintus
905 2194 1073 2277 fungatur:
1190 2181 1192 2186 ’

369 2303 437 2367 Iam
464 2303 538 2368 licet
561 2303 592 2368 et
613 2301 747 2386 Stygia
764 2301 888 2367 sedeat
921 2303 977 2368 sub
1011 2301 1199 2368 arundine
1233 2282 1368 2384 ramerii

271 2409 456 2475 autetiam:

371 2517 520 2598 Quamuis
540 2517 662 2583 multa
682 2518 754 2584 tibi
776 2517 865 2584 dolor
885 2518 937 2583 hia
958 2537 1044 2584 meus
1066 2519 1320 2601 asperarlabot

273 2628 304 2692 ot

332 2713 337 2726 ⁴
371 2734 422 2800 Au
443 2735 516 2818 quia
541 2753 657 2816 parua
676 2734 786 2799 damus
810 2735 931 2800 mutato
954 2737 1063 2818 signa
1085 2735 1195 2800 colore.

273 2843 381 2926 Neque
402 2862 437 2908 ex
458 2845 526 2909 arte
547 2843 670 2908 heroica
692 2843 770 2908 talia
793 2859 855 2908 non
874 2844 1081 2926 comparanda
1101 2848 1190 2910 sunt:

371 2953 408 3016 ln
432 2953 544 3038 quibus
565 2951 735 3018 auratam
757 2952 858 3034 proles
880 2953 987 3018 Letoia
1009 2953 1108 3018 fertur

369 3060 553 3141 Deposuisse
573 3061 707 3144 lyram3
728 3095 767 3104 -
789 3060 820 3124 et
1048 3057 1050 3062 ’

372 3167 495 3250 Oraque
519 3168 700 3240 caerulea
721 3168 859 3250 patrium
879 3168 1048 3234 clamantia
1070 3186 1182 3233 nomen

374 3275 578 3358 llxoipiuntur
600 3295 715 3358 aqua3
737 3311 779 3321 -
801 3277 833 3341 et

375 3383 409 3449 Si
430 3401 509 3465 quae
530 3384 561 3447 ta
582 3384 715 3466 genuit
736 3384 820 3464 talis,
842 3385 1047 3466 pulcherrime
1068 3405 1180 3465 rerum,
1290 3444 1293 3450 .

368 3489 482 3571 ,Qualis
503 3491 627 3574 os'ipso,
650 3491 740 3572 fuit,
764 3493 874 3558 mento
897 3493 971 3560 dous
994 3495 1123 3560 arsitia
1144 3494 1210 3560 illa.

357 3600 425 3664 Iam
444 3602 478 3666 in
499 3601 632 3683 primis
655 3601 839 3684 quattuor
863 3621 942 3685 quaa
957 3603 1172 3685 exscripsimus
1194 3602 1370 3683 exemplis

274 3725 390 3772 causa
413 3710 547 3774 nostra
568 3711 760 3784 versatum
781 3709 882 3774 cetera
897 3709 979 3774 enim
1001 3729 1063 3776 non
1084 3729 1180 3794 aeque
1200 3709 1370 3792 simplicior

273 3815 329 3880 illa
341 3834 414 3880 raro
429 3816 483 3898 qui
498 3816 591 3882 nimis
605 3816 855 3900 frequentabant,
877 3819 1028 3884 curabant
1040 3819 1165 3902 quidem
1185 3819 1369 3902 positionem

363 3983 402 4051 ·1)
420 3980 460 4064 litt
477 3983 559 4037 huius
577 3983 688 4052 quidem
715 3983 821 4038 formae
842 4000 935 4037 amore
963 3983 1116 4052 perductus
1134 3983 1261 4038 Tibullus
1285 3941 1313 4037 in
1335 3983 1370 4047 ll,

274 4078 300 4146 2,
319 4078 335 4132 o
354 4077 476 4132 scribere
492 4077 605 4134 videtur
616 4078 759 4134 maluisse:
778 4079 842 4147 lpse
856 4096 920 4133 suos
940 4080 1061 4148 genius
1079 4079 1153 4134 adsit
1166 4081 1304 4132 visurus
1322 4079 1371 4132 ho·

274 4189 366 4236 nores,
394 4191 476 4242 quam
500 4174 577 4230 salva
592 4175 759 4244 prosodiaca
776 4174 848 4244 laga:
881 4175 944 4244 lpse
962 4191 1027 4228 suos
1044 4174 1118 4230 adsit
1142 4175 1240 4245 genius
1259 4175 1371 4230 visurus

273 4267 402 4324 honores.
