<?xml version="1.0" encoding="UTF-8"?>
<!DOCTYPE html PUBLIC "-//W3C//DTD XHTML 1.0 Transitional//EN"
    "http://www.w3.org/TR/xhtml1/DTD/xhtml1-transitional.dtd">
<html xmlns="http://www.w3.org/1999/xhtml" xml:lang="en" lang="en">
 <head>
  <title>
</title>
<meta http-equiv="Content-Type" content="text/html;charset=utf-8" />
  <meta name='ocr-system' content='tesseract 3.04.00' />
  <meta name='ocr-capabilities' content='ocr_page ocr_carea ocr_par ocr_line ocrx_word'/>
</head>
<body>
  <div class='ocr_page' id='page_1' title='image "adhistoriamhexa00birtgoog_0018.png"; bbox 0 0 3158 4940; ppageno 0'>
   <div class='ocr_carea' id='block_1_1' title="bbox 735 427 774 518">
    <p class='ocr_par' dir='ltr' id='par_1_1' title="bbox 735 427 774 518">
     <span class='ocr_line' id='line_1_1' title="bbox 735 427 774 518; baseline -0.026 0"><span class='ocrx_word' id='word_1_1' title='bbox 735 427 774 518; x_wconf 80' lang='lat'>1&#39;3</span> 
     </span>
    </p>
   </div>
   <div class='ocr_carea' id='block_1_2' title="bbox 146 634 1304 2996">
    <p class='ocr_par' dir='ltr' id='par_1_2' title="bbox 204 634 1300 1044">
     <span class='ocr_line' id='line_1_2' title="bbox 204 634 1298 703; baseline 0.002 -2"><span class='ocrx_word' id='word_1_2' title='bbox 204 653 294 702; x_wconf 92' lang='lat' dir='ltr'>usum</span> <span class='ocrx_word' id='word_1_3' title='bbox 315 655 377 700; x_wconf 91' lang='lat' dir='ltr'>non</span> <span class='ocrx_word' id='word_1_4' title='bbox 407 634 581 700; x_wconf 91' lang='lat' dir='ltr'>mirabitur.</span> <span class='ocrx_word' id='word_1_5' title='bbox 627 635 758 701; x_wconf 82' lang='lat' dir='ltr'>Sensum</span> <span class='ocrx_word' id='word_1_6' title='bbox 779 637 972 702; x_wconf 78' lang='lat' dir='ltr'>indicaverat</span> <span class='ocrx_word' id='word_1_7' title='bbox 994 635 1206 702; x_wconf 80' lang='lat' dir='ltr'>Froehlichius</span> <span class='ocrx_word' id='word_1_8' title='bbox 1235 635 1298 703; x_wconf 92' lang='lat' dir='ltr'>ita:</span> 
     </span>
     <span class='ocr_line' id='line_1_3' title="bbox 204 734 1300 827; baseline 0.002 -19"><span class='ocrx_word' id='word_1_9' title='bbox 204 763 300 826; x_wconf 82' lang='lat' dir='ltr'>prona</span> <span class='ocrx_word' id='word_1_10' title='bbox 320 745 405 809; x_wconf 87' lang='lat' dir='ltr'>cadit</span> <span class='ocrx_word' id='word_1_11' title='bbox 419 745 515 810; x_wconf 89' lang='lat' dir='ltr'>ramis</span> <span class='ocrx_word' id='word_1_12' title='bbox 529 745 596 809; x_wconf 91' lang='lat' dir='ltr'>late</span> <span class='ocrx_word' id='word_1_13' title='bbox 608 763 747 827; x_wconf 89' lang='lat' dir='ltr'>quaeque</span> <span class='ocrx_word' id='word_1_14' title='bbox 766 746 856 810; x_wconf 88' lang='lat' dir='ltr'>obvia</span> <span class='ocrx_word' id='word_1_15' title='bbox 871 746 1027 826; x_wconf 80' lang='lat' dir='ltr'>frangens.</span> <span class='ocrx_word' id='word_1_16' title='bbox 1059 734 1300 826; x_wconf 81' lang='lat' dir='ltr'>Quaecunris</span> 
     </span>
     <span class='ocr_line' id='line_1_4' title="bbox 204 853 1299 935; baseline 0.003 -19"><span class='ocrx_word' id='word_1_17' title='bbox 204 871 275 918; x_wconf 87' lang='lat' dir='ltr'>vero</span> <span class='ocrx_word' id='word_1_18' title='bbox 297 853 470 917; x_wconf 88' lang='lat' dir='ltr'>monstrum</span> <span class='ocrx_word' id='word_1_19' title='bbox 492 853 571 918; x_wconf 91' lang='lat' dir='ltr'>illud</span> <span class='ocrx_word' id='word_1_20' title='bbox 592 854 676 918; x_wconf 90' lang='lat' dir='ltr'>verbi</span> <span class='ocrx_word' id='word_1_21' title='bbox 699 853 737 918; x_wconf 92' lang='lat' dir='ltr'>de</span> <span class='ocrx_word' id='word_1_22' title='bbox 763 872 823 935; x_wconf 91' lang='lat' dir='ltr'>quo</span> <span class='ocrx_word' id='word_1_23' title='bbox 846 871 942 934; x_wconf 82' lang='lat' dir='ltr'>nuper</span> <span class='ocrx_word' id='word_1_24' title='bbox 960 853 1069 918; x_wconf 87' lang='lat' dir='ltr'>Vossio</span> <span class='ocrx_word' id='word_1_25' title='bbox 1092 854 1299 920; x_wconf 86' lang='lat' dir='ltr'>Baehreusius</span> 
     </span>
     <span class='ocr_line' id='line_1_5' title="bbox 205 961 670 1044; baseline -0.004 -18"><span class='ocrx_word' id='word_1_26' title='bbox 205 961 336 1026; x_wconf 88' lang='lat' dir='ltr'>credidit</span> <span class='ocrx_word' id='word_1_27' title='bbox 359 961 495 1026; x_wconf 90' lang='lat' dir='ltr'>credenti</span> <span class='ocrx_word' id='word_1_28' title='bbox 519 962 670 1044; x_wconf 90' lang='lat' dir='ltr'>relinquo.</span> 
     </span>
    </p>

    <p class='ocr_par' dir='ltr' id='par_1_3' title="bbox 146 1069 1304 2996">
     <span class='ocr_line' id='line_1_6' title="bbox 305 1069 1301 1153; baseline -0.001 -19"><span class='ocrx_word' id='word_1_29' title='bbox 305 1070 422 1134; x_wconf 90' lang='lat' dir='ltr'>Parum</span> <span class='ocrx_word' id='word_1_30' title='bbox 442 1069 561 1134; x_wconf 88' lang='lat' dir='ltr'>curiose</span> <span class='ocrx_word' id='word_1_31' title='bbox 581 1089 645 1134; x_wconf 92' lang='lat' dir='ltr'>rem</span> <span class='ocrx_word' id='word_1_32' title='bbox 666 1069 763 1153; x_wconf 85' lang='lat' dir='ltr'>gessit</span> <span class='ocrx_word' id='word_1_33' title='bbox 777 1070 1012 1152; x_wconf 77' lang='lat' dir='ltr'><strong>Propertius</strong></span> <span class='ocrx_word' id='word_1_34' title='bbox 1035 1069 1117 1151; x_wconf 89' lang='lat' dir='ltr'>apud</span> <span class='ocrx_word' id='word_1_35' title='bbox 1139 1089 1230 1152; x_wconf 89' lang='lat' dir='ltr'>quem</span> <span class='ocrx_word' id='word_1_36' title='bbox 1253 1071 1301 1134; x_wconf 88' lang='lat' dir='ltr'>ter</span> 
     </span>
     <span class='ocr_line' id='line_1_7' title="bbox 205 1177 1300 1260; baseline 0 -18"><span class='ocrx_word' id='word_1_37' title='bbox 205 1178 305 1244; x_wconf 88' lang='lat' dir='ltr'>forma</span> <span class='ocrx_word' id='word_1_38' title='bbox 327 1178 382 1256; x_wconf 88' lang='lat' dir='ltr'>VI,</span> <span class='ocrx_word' id='word_1_39' title='bbox 416 1179 526 1260; x_wconf 89' lang='lat' dir='ltr'>quater</span> <span class='ocrx_word' id='word_1_40' title='bbox 558 1177 658 1243; x_wconf 87' lang='lat' dir='ltr'>forma</span> <span class='ocrx_word' id='word_1_41' title='bbox 680 1179 718 1243; x_wconf 89' lang='lat' dir='ltr'>V.</span> <span class='ocrx_word' id='word_1_42' title='bbox 764 1179 829 1242; x_wconf 89' lang='lat' dir='ltr'>lam</span> <span class='ocrx_word' id='word_1_43' title='bbox 857 1197 929 1242; x_wconf 87' lang='lat' dir='ltr'>vero</span> <span class='ocrx_word' id='word_1_44' title='bbox 952 1178 1102 1243; x_wconf 90' lang='lat' dir='ltr'>Horati</span> <span class='ocrx_word' id='word_1_45' title='bbox 1136 1178 1168 1242; x_wconf 89' lang='lat' dir='ltr'>in</span> <span class='ocrx_word' id='word_1_46' title='bbox 1201 1177 1300 1259; x_wconf 87' lang='lat' dir='ltr'>primo</span> 
     </span>
     <span class='ocr_line' id='line_1_8' title="bbox 205 1287 1301 1370; baseline -0.001 -18"><span class='ocrx_word' id='word_1_47' title='bbox 205 1289 285 1352; x_wconf 89' lang='lat' dir='ltr'>libro</span> <span class='ocrx_word' id='word_1_48' title='bbox 306 1287 492 1353; x_wconf 87' lang='lat' dir='ltr'>Saturarum</span> <span class='ocrx_word' id='word_1_49' title='bbox 514 1288 630 1353; x_wconf 86' lang='lat' dir='ltr'>viciens</span> <span class='ocrx_word' id='word_1_50' title='bbox 652 1289 763 1370; x_wconf 89' lang='lat' dir='ltr'>quater</span> <span class='ocrx_word' id='word_1_51' title='bbox 783 1289 860 1352; x_wconf 87' lang='lat' dir='ltr'>haee</span> <span class='ocrx_word' id='word_1_52' title='bbox 881 1287 1026 1365; x_wconf 87' lang='lat' dir='ltr'>occurrit,</span> <span class='ocrx_word' id='word_1_53' title='bbox 1051 1287 1107 1352; x_wconf 92' lang='lat' dir='ltr'>illa</span> <span class='ocrx_word' id='word_1_54' title='bbox 1128 1288 1193 1361; x_wconf 89' lang='lat' dir='ltr'>ter;</span> <span class='ocrx_word' id='word_1_55' title='bbox 1225 1287 1301 1352; x_wconf 91' lang='lat' dir='ltr'>item</span> 
     </span>
     <span class='ocr_line' id='line_1_9' title="bbox 204 1383 1301 1477; baseline -0.002 -17"><span class='ocrx_word' id='word_1_56' title='bbox 204 1397 238 1460; x_wconf 93' lang='lat' dir='ltr'>in</span> <span class='ocrx_word' id='word_1_57' title='bbox 261 1396 359 1460; x_wconf 91' lang='lat' dir='ltr'>altero</span> <span class='ocrx_word' id='word_1_58' title='bbox 387 1383 470 1460; x_wconf 88' lang='lat' dir='ltr'>libro</span> <span class='ocrx_word' id='word_1_59' title='bbox 501 1395 558 1459; x_wconf 91' lang='lat' dir='ltr'>illa</span> <span class='ocrx_word' id='word_1_60' title='bbox 579 1395 682 1474; x_wconf 87' lang='lat' dir='ltr'>semel,</span> <span class='ocrx_word' id='word_1_61' title='bbox 714 1383 747 1459; x_wconf 85' lang='lat' dir='ltr'>in</span> <span class='ocrx_word' id='word_1_62' title='bbox 769 1395 916 1477; x_wconf 83' lang='lat' dir='ltr'>llpistolis</span> <span class='ocrx_word' id='word_1_63' title='bbox 945 1396 970 1474; x_wconf 90' lang='grc'>1,</span> <span class='ocrx_word' id='word_1_64' title='bbox 993 1397 1094 1459; x_wconf 90' lang='grc'><strong>1-13</strong></span> <span class='ocrx_word' id='word_1_65' title='bbox 1125 1396 1155 1459; x_wconf 89' lang='lat' dir='ltr'>et</span> <span class='ocrx_word' id='word_1_66' title='bbox 1179 1396 1301 1458; x_wconf 86' lang='lat'>17-20</span> 
     </span>
     <span class='ocr_line' id='line_1_10' title="bbox 204 1503 1303 1586; baseline -0.002 -18"><span class='ocrx_word' id='word_1_67' title='bbox 204 1506 262 1583; x_wconf 88' lang='lat' dir='ltr'>tar,</span> <span class='ocrx_word' id='word_1_68' title='bbox 284 1505 318 1568; x_wconf 92' lang='lat' dir='ltr'>in</span> <span class='ocrx_word' id='word_1_69' title='bbox 339 1503 479 1586; x_wconf 74' lang='lat' dir='ltr'><strong>Epistola</strong></span> <span class='ocrx_word' id='word_1_70' title='bbox 501 1503 541 1568; x_wconf 88' lang='lat' dir='ltr'>ad</span> <span class='ocrx_word' id='word_1_71' title='bbox 556 1504 682 1568; x_wconf 87' lang='lat' dir='ltr'>Pisones</span> <span class='ocrx_word' id='word_1_72' title='bbox 702 1505 759 1583; x_wconf 85' lang='lat' dir='ltr'>ter,</span> <span class='ocrx_word' id='word_1_73' title='bbox 780 1505 815 1568; x_wconf 93' lang='lat' dir='ltr'>at</span> <span class='ocrx_word' id='word_1_74' title='bbox 835 1504 1074 1568; x_wconf 89' lang='lat' dir='ltr'>trithemimeres</span> <span class='ocrx_word' id='word_1_75' title='bbox 1094 1503 1223 1568; x_wconf 75' lang='lat' dir='ltr'>additur</span> <span class='ocrx_word' id='word_1_76' title='bbox 1242 1504 1303 1568; x_wconf 90' lang='lat' dir='ltr'>ibi-</span> 
     </span>
     <span class='ocr_line' id='line_1_11' title="bbox 206 1611 1301 1678; baseline -0.001 -1"><span class='ocrx_word' id='word_1_77' title='bbox 206 1613 275 1678; x_wconf 86' lang='lat' dir='ltr'>dem</span> <span class='ocrx_word' id='word_1_78' title='bbox 298 1613 363 1678; x_wconf 89' lang='lat' dir='ltr'>sive</span> <span class='ocrx_word' id='word_1_79' title='bbox 382 1613 504 1677; x_wconf 84' lang='lat' dir='ltr'>deciens</span> <span class='ocrx_word' id='word_1_80' title='bbox 537 1612 584 1677; x_wconf 91' lang='lat' dir='ltr'>bis</span> <span class='ocrx_word' id='word_1_81' title='bbox 617 1613 682 1676; x_wconf 87' lang='lat' dir='ltr'>sire</span> <span class='ocrx_word' id='word_1_82' title='bbox 707 1611 829 1677; x_wconf 82' lang='lat' dir='ltr'>deciens</span> <span class='ocrx_word' id='word_1_83' title='bbox 851 1611 967 1676; x_wconf 85' lang='lat' dir='ltr'>sexiens</span> <span class='ocrx_word' id='word_1_84' title='bbox 999 1613 1064 1676; x_wconf 88' lang='lat' dir='ltr'>sive</span> <span class='ocrx_word' id='word_1_85' title='bbox 1094 1612 1301 1677; x_wconf 84' lang='lat' dir='ltr'>undeviciene.</span> 
     </span>
     <span class='ocr_line' id='line_1_12' title="bbox 207 1720 1302 1804; baseline -0.002 -17"><span class='ocrx_word' id='word_1_86' title='bbox 207 1721 321 1798; x_wconf 84' lang='lat' dir='ltr'>(Simul</span> <span class='ocrx_word' id='word_1_87' title='bbox 354 1721 500 1788; x_wconf 87' lang='lat' dir='ltr'>attendas</span> <span class='ocrx_word' id='word_1_88' title='bbox 533 1721 723 1804; x_wconf 73' lang='lat' dir='ltr'>quantopere</span> <span class='ocrx_word' id='word_1_89' title='bbox 755 1721 936 1786; x_wconf 90' lang='lat' dir='ltr'>commodus</span> <span class='ocrx_word' id='word_1_90' title='bbox 970 1720 1133 1803; x_wconf 89' lang='lat' dir='ltr'>lassusque</span> <span class='ocrx_word' id='word_1_91' title='bbox 1169 1721 1202 1784; x_wconf 92' lang='lat' dir='ltr'>in</span> <span class='ocrx_word' id='word_1_92' title='bbox 1225 1720 1302 1785; x_wconf 88' lang='lat' dir='ltr'>Arte</span> 
     </span>
     <span class='ocr_line' id='line_1_13' title="bbox 207 1828 1302 1913; baseline -0.004 -19"><span class='ocrx_word' id='word_1_93' title='bbox 207 1831 333 1895; x_wconf 89' lang='lat' dir='ltr'>Poetica</span> <span class='ocrx_word' id='word_1_94' title='bbox 355 1829 506 1895; x_wconf 81' lang='lat' dir='ltr'>Horatius</span> <span class='ocrx_word' id='word_1_95' title='bbox 527 1830 640 1896; x_wconf 83' lang='lat' dir='ltr'>lessius</span> <span class='ocrx_word' id='word_1_96' title='bbox 662 1831 721 1895; x_wconf 90' lang='lat' dir='ltr'>hoo</span> <span class='ocrx_word' id='word_1_97' title='bbox 742 1831 836 1913; x_wconf 88' lang='lat' dir='ltr'>atquc</span> <span class='ocrx_word' id='word_1_98' title='bbox 853 1829 1045 1895; x_wconf 87' lang='lat' dir='ltr'>commodius</span> <span class='ocrx_word' id='word_1_99' title='bbox 1066 1828 1182 1893; x_wconf 89' lang='lat' dir='ltr'>heroici</span> <span class='ocrx_word' id='word_1_100' title='bbox 1197 1845 1302 1892; x_wconf 86' lang='lat' dir='ltr'>versus</span> 
     </span>
     <span class='ocr_line' id='line_1_14' title="bbox 207 1934 1303 2020; baseline -0.004 -20"><span class='ocrx_word' id='word_1_101' title='bbox 207 1955 304 2020; x_wconf 84' lang='lat' dir='ltr'>genus</span> <span class='ocrx_word' id='word_1_102' title='bbox 324 1936 573 2018; x_wconf 87' lang='lat' dir='ltr'>praeamaverit).</span> <span class='ocrx_word' id='word_1_103' title='bbox 616 1935 821 2017; x_wconf 79' lang='lat' dir='ltr'>Vergilius</span> <span class='ocrx_word' id='word_1_104' title='bbox 843 1955 913 2000; x_wconf 90' lang='lat' dir='ltr'>cum</span> <span class='ocrx_word' id='word_1_105' title='bbox 942 1935 975 1999; x_wconf 92' lang='lat' dir='ltr'>in</span> <span class='ocrx_word' id='word_1_106' title='bbox 995 1935 1155 2017; x_wconf 79' lang='lat' dir='ltr'>hologia</span> <span class='ocrx_word' id='word_1_107' title='bbox 1178 1934 1303 1999; x_wconf 91' lang='lat' dir='ltr'>aberra-</span> 
     </span>
     <span class='ocr_line' id='line_1_15' title="bbox 208 2041 1302 2128; baseline -0.006 -17"><span class='ocrx_word' id='word_1_108' title='bbox 208 2047 287 2128; x_wconf 83' lang='lat' dir='ltr'>verit</span> <span class='ocrx_word' id='word_1_109' title='bbox 318 2047 366 2111; x_wconf 90' lang='lat' dir='ltr'>bis</span> <span class='ocrx_word' id='word_1_110' title='bbox 399 2046 438 2124; x_wconf 90' lang='lat' dir='ltr'>(V</span> <span class='ocrx_word' id='word_1_111' title='bbox 459 2047 508 2110; x_wconf 78' lang='lat'>52.</span> <span class='ocrx_word' id='word_1_112' title='bbox 539 2047 656 2124; x_wconf 82' lang='lat' dir='ltr'>XdO),</span> <span class='ocrx_word' id='word_1_113' title='bbox 694 2047 747 2112; x_wconf 90' lang='lat' dir='ltr'>ubi</span> <span class='ocrx_word' id='word_1_114' title='bbox 779 2046 890 2128; x_wconf 87' lang='lat' dir='ltr'>septies</span> <span class='ocrx_word' id='word_1_115' title='bbox 922 2045 994 2126; x_wconf 90' lang='lat' dir='ltr'>post</span> <span class='ocrx_word' id='word_1_116' title='bbox 1023 2041 1189 2109; x_wconf 88' lang='lat' dir='ltr'>secundam</span> <span class='ocrx_word' id='word_1_117' title='bbox 1218 2041 1302 2106; x_wconf 90' lang='lat' dir='ltr'>arsin</span> 
     </span>
     <span class='ocr_line' id='line_1_16' title="bbox 208 2150 1303 2236; baseline -0.005 -17"><span class='ocrx_word' id='word_1_118' title='bbox 208 2155 300 2220; x_wconf 87' lang='lat' dir='ltr'>verba</span> <span class='ocrx_word' id='word_1_119' title='bbox 323 2158 516 2236; x_wconf 87' lang='lat' dir='ltr'>separantur,</span> <span class='ocrx_word' id='word_1_120' title='bbox 549 2156 653 2220; x_wconf 90' lang='lat' dir='ltr'>omnia</span> <span class='ocrx_word' id='word_1_121' title='bbox 676 2156 742 2220; x_wconf 88' lang='lat' dir='ltr'>sine</span> <span class='ocrx_word' id='word_1_122' title='bbox 763 2155 886 2220; x_wconf 88' lang='lat' dir='ltr'>macula</span> <span class='ocrx_word' id='word_1_123' title='bbox 908 2155 1000 2218; x_wconf 87' lang='lat' dir='ltr'>habes</span> <span class='ocrx_word' id='word_1_124' title='bbox 1033 2154 1066 2218; x_wconf 93' lang='lat' dir='ltr'>in</span> <span class='ocrx_word' id='word_1_125' title='bbox 1088 2150 1303 2233; x_wconf 81' lang='lat' dir='ltr'>Georgicis</span> 
     </span>
     <span class='ocr_line' id='line_1_17' title="bbox 208 2261 1303 2344; baseline 0.001 -18"><span class='ocrx_word' id='word_1_126' title='bbox 208 2262 321 2344; x_wconf 86' lang='lat' dir='ltr'>viginti</span> <span class='ocrx_word' id='word_1_127' title='bbox 347 2261 532 2344; x_wconf 84' lang='lat' dir='ltr'>exampla¹);</span> <span class='ocrx_word' id='word_1_128' title='bbox 554 2263 586 2326; x_wconf 94' lang='lat' dir='ltr'>in</span> <span class='ocrx_word' id='word_1_129' title='bbox 599 2262 764 2327; x_wconf 86' lang='lat' dir='ltr'>Aeneide</span> <span class='ocrx_word' id='word_1_130' title='bbox 786 2262 926 2326; x_wconf 89' lang='lat' dir='ltr'>consulto</span> <span class='ocrx_word' id='word_1_131' title='bbox 947 2261 1088 2326; x_wconf 88' lang='lat' dir='ltr'>effectam</span> <span class='ocrx_word' id='word_1_132' title='bbox 1114 2281 1178 2327; x_wconf 87' lang='lat' dir='ltr'>esse</span> <span class='ocrx_word' id='word_1_133' title='bbox 1199 2263 1303 2327; x_wconf 91' lang='lat' dir='ltr'>molli-</span> 
     </span>
     <span class='ocr_line' id='line_1_18' title="bbox 146 2368 1303 2453; baseline 0.001 -19"><span class='ocrx_word' id='word_1_134' title='bbox 146 2385 148 2388; x_wconf 88' lang='grc'><strong><em>·</em></strong></span> <span class='ocrx_word' id='word_1_135' title='bbox 207 2371 282 2434; x_wconf 88' lang='lat' dir='ltr'>tiem</span> <span class='ocrx_word' id='word_1_136' title='bbox 304 2372 385 2436; x_wconf 92' lang='lat' dir='ltr'>hanc</span> <span class='ocrx_word' id='word_1_137' title='bbox 405 2390 466 2436; x_wconf 89' lang='lat' dir='ltr'>non</span> <span class='ocrx_word' id='word_1_138' title='bbox 487 2368 686 2436; x_wconf 85' lang='lat' dir='ltr'>infitiaberis:</span> <span class='ocrx_word' id='word_1_139' title='bbox 709 2371 908 2453; x_wconf 86' lang='lat' dir='ltr'>Spargens</span> <span class='ocrx_word' id='word_1_140' title='bbox 930 2369 1086 2436; x_wconf 91' lang='lat' dir='ltr'>humida</span> <span class='ocrx_word' id='word_1_141' title='bbox 1107 2370 1224 2436; x_wconf 90' lang='lat' dir='ltr'>mella</span> <span class='ocrx_word' id='word_1_142' title='bbox 1246 2389 1303 2435; x_wconf 89' lang='lat' dir='ltr'>so·</span> 
     </span>
     <span class='ocr_line' id='line_1_19' title="bbox 208 2479 1304 2562; baseline 0 -20"><span class='ocrx_word' id='word_1_143' title='bbox 208 2479 500 2562; x_wconf 86' lang='lat' dir='ltr'>poriferumque</span> <span class='ocrx_word' id='word_1_144' title='bbox 523 2498 701 2561; x_wconf 83' lang='lat' dir='ltr'>papaver,</span> <span class='ocrx_word' id='word_1_145' title='bbox 724 2498 821 2561; x_wconf 89' lang='lat' dir='ltr'>neque</span> <span class='ocrx_word' id='word_1_146' title='bbox 844 2479 946 2542; x_wconf 87' lang='lat' dir='ltr'>minus</span> <span class='ocrx_word' id='word_1_147' title='bbox 969 2479 1096 2560; x_wconf 83' lang='lat' dir='ltr'>pulchre</span> <span class='ocrx_word' id='word_1_148' title='bbox 1112 2479 1218 2560; x_wconf 78' lang='lat' dir='ltr'>nancti</span> <span class='ocrx_word' id='word_1_149' title='bbox 1234 2497 1304 2543; x_wconf 84' lang='lat' dir='ltr'>ver·</span> 
     </span>
     <span class='ocr_line' id='line_1_20' title="bbox 208 2585 1302 2669; baseline 0 -20"><span class='ocrx_word' id='word_1_150' title='bbox 208 2603 260 2649; x_wconf 89' lang='lat' dir='ltr'>sus</span> <span class='ocrx_word' id='word_1_151' title='bbox 290 2587 363 2652; x_wconf 91' lang='lat' dir='ltr'>libri</span> <span class='ocrx_word' id='word_1_152' title='bbox 386 2588 488 2669; x_wconf 89' lang='lat' dir='ltr'>quinti</span> <span class='ocrx_word' id='word_1_153' title='bbox 510 2589 570 2652; x_wconf 88' lang='lat'>591</span> <span class='ocrx_word' id='word_1_154' title='bbox 593 2589 624 2652; x_wconf 89' lang='lat' dir='ltr'>et</span> <span class='ocrx_word' id='word_1_155' title='bbox 647 2589 707 2652; x_wconf 85' lang='grc'>856</span> <span class='ocrx_word' id='word_1_156' title='bbox 718 2590 758 2667; x_wconf 75' lang='lat'>²);</span> <span class='ocrx_word' id='word_1_157' title='bbox 792 2588 928 2652; x_wconf 87' lang='lat' dir='ltr'>ceterum</span> <span class='ocrx_word' id='word_1_158' title='bbox 950 2585 990 2651; x_wconf 91' lang='lat' dir='ltr'>ad</span> <span class='ocrx_word' id='word_1_159' title='bbox 1011 2587 1133 2650; x_wconf 90' lang='lat' dir='ltr'>schema</span> <span class='ocrx_word' id='word_1_160' title='bbox 1156 2585 1302 2668; x_wconf 90' lang='lat' dir='ltr'>quintum</span> 
     </span>
     <span class='ocr_line' id='line_1_21' title="bbox 187 2691 1304 2778; baseline -0.003 -17"><span class='ocrx_word' id='word_1_161' title='bbox 187 2735 190 2741; x_wconf 89' lang='lat'>·</span> <span class='ocrx_word' id='word_1_162' title='bbox 208 2698 249 2761; x_wconf 85' lang='lat'>30</span> <span class='ocrx_word' id='word_1_163' title='bbox 260 2697 374 2762; x_wconf 91' lang='lat' dir='ltr'>ibidem</span> <span class='ocrx_word' id='word_1_164' title='bbox 396 2698 496 2762; x_wconf 89' lang='lat' dir='ltr'>metra</span> <span class='ocrx_word' id='word_1_165' title='bbox 508 2695 678 2778; x_wconf 88' lang='lat' dir='ltr'>composita</span> <span class='ocrx_word' id='word_1_166' title='bbox 699 2697 845 2772; x_wconf 86' lang='lat' dir='ltr'>invenies,</span> <span class='ocrx_word' id='word_1_167' title='bbox 864 2695 947 2776; x_wconf 90' lang='lat' dir='ltr'>apud</span> <span class='ocrx_word' id='word_1_168' title='bbox 962 2693 1137 2760; x_wconf 87' lang='lat' dir='ltr'>Ovidium</span> <span class='ocrx_word' id='word_1_169' title='bbox 1158 2696 1198 2758; x_wconf 84' lang='lat'>25</span> <span class='ocrx_word' id='word_1_170' title='bbox 1209 2691 1246 2776; x_wconf 76' lang='grc'>3),</span> <span class='ocrx_word' id='word_1_171' title='bbox 1270 2694 1304 2759; x_wconf 92' lang='lat' dir='ltr'>at</span> 
     </span>
     <span class='ocr_line' id='line_1_22' title="bbox 209 2803 1302 2885; baseline -0.002 -17"><span class='ocrx_word' id='word_1_172' title='bbox 209 2823 305 2868; x_wconf 93' lang='lat' dir='ltr'>unum</span> <span class='ocrx_word' id='word_1_173' title='bbox 326 2805 451 2870; x_wconf 90' lang='lat' dir='ltr'>tantum</span> <span class='ocrx_word' id='word_1_174' title='bbox 471 2805 511 2869; x_wconf 94' lang='lat' dir='ltr'>ad</span> <span class='ocrx_word' id='word_1_175' title='bbox 533 2805 652 2868; x_wconf 88' lang='lat' dir='ltr'>sertum</span> <span class='ocrx_word' id='word_1_176' title='bbox 682 2805 733 2880; x_wconf 83' lang='lat' dir='ltr'>(A.</span> <span class='ocrx_word' id='word_1_177' title='bbox 754 2805 792 2868; x_wconf 85' lang='grc' dir='ltr'>Α.</span> <span class='ocrx_word' id='word_1_178' title='bbox 814 2804 839 2882; x_wconf 87' lang='grc' dir='ltr'>Ι,</span> <span class='ocrx_word' id='word_1_179' title='bbox 865 2805 950 2880; x_wconf 84' lang='grc'>293).</span> <span class='ocrx_word' id='word_1_180' title='bbox 994 2803 1102 2885; x_wconf 87' lang='lat' dir='ltr'>Neque</span> <span class='ocrx_word' id='word_1_181' title='bbox 1124 2803 1206 2868; x_wconf 91' lang='lat' dir='ltr'>enim</span> <span class='ocrx_word' id='word_1_182' title='bbox 1240 2803 1302 2868; x_wconf 86' lang='lat' dir='ltr'>eri-</span> 
     </span>
     <span class='ocr_line' id='line_1_23' title="bbox 208 2911 1304 2996; baseline 0 -20"><span class='ocrx_word' id='word_1_183' title='bbox 208 2913 337 2976; x_wconf 88' lang='lat' dir='ltr'>mendus</span> <span class='ocrx_word' id='word_1_184' title='bbox 359 2931 464 2977; x_wconf 88' lang='lat' dir='ltr'>versus</span> <span class='ocrx_word' id='word_1_185' title='bbox 485 2914 532 2978; x_wconf 87' lang='lat' dir='ltr'>est</span> <span class='ocrx_word' id='word_1_186' title='bbox 553 2913 680 2978; x_wconf 90' lang='lat' dir='ltr'>Heroid.</span> <span class='ocrx_word' id='word_1_187' title='bbox 704 2913 775 2990; x_wconf 82' lang='lat' dir='ltr'>Vll,</span> <span class='ocrx_word' id='word_1_188' title='bbox 801 2913 839 2976; x_wconf 87' lang='grc'>17</span> <span class='ocrx_word' id='word_1_189' title='bbox 861 2931 952 2996; x_wconf 90' lang='lat' dir='ltr'>quem</span> <span class='ocrx_word' id='word_1_190' title='bbox 982 2931 1092 2994; x_wconf 89' lang='lat' dir='ltr'>parum</span> <span class='ocrx_word' id='word_1_191' title='bbox 1115 2911 1247 2976; x_wconf 88' lang='lat' dir='ltr'>feliciter</span> <span class='ocrx_word' id='word_1_192' title='bbox 1270 2911 1304 2976; x_wconf 89' lang='lat' dir='ltr'>in</span> 
     </span>
    </p>
   </div>
   <div class='ocr_carea' id='block_1_3' title="bbox 145 3093 1305 4414">
    <p class='ocr_par' dir='ltr' id='par_1_4' title="bbox 145 3093 1305 4032">
     <span class='ocr_line' id='line_1_24' title="bbox 209 3093 1304 3166; baseline -0.004 -16"><span class='ocrx_word' id='word_1_193' title='bbox 209 3096 348 3150; x_wconf 84' lang='lat' dir='ltr'>landum</span> <span class='ocrx_word' id='word_1_194' title='bbox 377 3114 440 3152; x_wconf 89' lang='lat' dir='ltr'>nec</span> <span class='ocrx_word' id='word_1_195' title='bbox 464 3097 853 3166; x_wconf 83' lang='lat' dir='ltr'>opumvesanacupido</span> <span class='ocrx_word' id='word_1_196' title='bbox 873 3098 946 3150; x_wconf 85' lang='lat' dir='ltr'>Huc</span> <span class='ocrx_word' id='word_1_197' title='bbox 972 3101 1060 3150; x_wconf 82' lang='lat' dir='ltr'>meat</span> <span class='ocrx_word' id='word_1_198' title='bbox 1089 3100 1150 3150; x_wconf 86' lang='lat' dir='ltr'>aut</span> <span class='ocrx_word' id='word_1_199' title='bbox 1178 3093 1304 3148; x_wconf 86' lang='lat' dir='ltr'>ardens</span> 
     </span>
     <span class='ocr_line' id='line_1_25' title="bbox 209 3191 1305 3261; baseline -0.005 -13"><span class='ocrx_word' id='word_1_200' title='bbox 209 3193 326 3248; x_wconf 85' lang='lat' dir='ltr'>caedis</span> <span class='ocrx_word' id='word_1_201' title='bbox 354 3209 467 3252; x_wconf 84' lang='lat' dir='ltr'>amore</span> <span class='ocrx_word' id='word_1_202' title='bbox 498 3192 607 3246; x_wconf 80' lang='lat' dir='ltr'>furor.</span> <span class='ocrx_word' id='word_1_203' title='bbox 644 3192 681 3246; x_wconf 91' lang='lat' dir='ltr'>Ut</span> <span class='ocrx_word' id='word_1_204' title='bbox 699 3209 765 3246; x_wconf 90' lang='lat' dir='ltr'>vero</span> <span class='ocrx_word' id='word_1_205' title='bbox 793 3191 829 3245; x_wconf 86' lang='lat' dir='ltr'>ad</span> <span class='ocrx_word' id='word_1_206' title='bbox 847 3192 1034 3261; x_wconf 86' lang='lat' dir='ltr'>Hauptianam</span> <span class='ocrx_word' id='word_1_207' title='bbox 1052 3191 1240 3244; x_wconf 86' lang='lat' dir='ltr'>coniecturam</span> <span class='ocrx_word' id='word_1_208' title='bbox 1263 3207 1305 3243; x_wconf 88' lang='lat' dir='ltr'>re·</span> 
     </span>
     <span class='ocr_line' id='line_1_26' title="bbox 209 3283 1305 3354; baseline -0.004 -13"><span class='ocrx_word' id='word_1_209' title='bbox 209 3291 311 3354; x_wconf 84' lang='lat' dir='ltr'>vertar,</span> <span class='ocrx_word' id='word_1_210' title='bbox 329 3287 359 3339; x_wconf 92' lang='lat' dir='ltr'>ni</span> <span class='ocrx_word' id='word_1_211' title='bbox 376 3285 458 3340; x_wconf 85' lang='lat' dir='ltr'>fallor</span> <span class='ocrx_word' id='word_1_212' title='bbox 476 3287 616 3340; x_wconf 86' lang='lat' dir='ltr'>succurrit</span> <span class='ocrx_word' id='word_1_213' title='bbox 633 3285 717 3339; x_wconf 87' lang='lat' dir='ltr'>eliud.</span> <span class='ocrx_word' id='word_1_214' title='bbox 754 3285 892 3339; x_wconf 89' lang='lat' dir='ltr'>Nimirum</span> <span class='ocrx_word' id='word_1_215' title='bbox 910 3283 1008 3338; x_wconf 89' lang='lat' dir='ltr'>vario</span> <span class='ocrx_word' id='word_1_216' title='bbox 1036 3285 1069 3338; x_wconf 89' lang='lat' dir='ltr'>in</span> <span class='ocrx_word' id='word_1_217' title='bbox 1096 3285 1228 3339; x_wconf 86' lang='lat' dir='ltr'>lumine</span> <span class='ocrx_word' id='word_1_218' title='bbox 1256 3302 1305 3354; x_wconf 88' lang='lat' dir='ltr'>per</span> 
     </span>
     <span class='ocr_line' id='line_1_27' title="bbox 209 3380 1304 3451; baseline -0.001 -15"><span class='ocrx_word' id='word_1_219' title='bbox 209 3401 239 3437; x_wconf 87' lang='lat' dir='ltr'>se</span> <span class='ocrx_word' id='word_1_220' title='bbox 257 3382 361 3436; x_wconf 86' lang='lat' dir='ltr'>humile</span> <span class='ocrx_word' id='word_1_221' title='bbox 381 3382 425 3436; x_wconf 87' lang='lat' dir='ltr'>vel</span> <span class='ocrx_word' id='word_1_222' title='bbox 454 3381 605 3436; x_wconf 83' lang='lat' dir='ltr'>absurdum</span> <span class='ocrx_word' id='word_1_223' title='bbox 626 3386 669 3435; x_wconf 83' lang='lat' dir='ltr'>est</span> <span class='ocrx_word' id='word_1_224' title='bbox 696 3383 774 3435; x_wconf 83' lang='lat' dir='ltr'>iuxta</span> <span class='ocrx_word' id='word_1_225' title='bbox 793 3381 908 3434; x_wconf 87' lang='lat' dir='ltr'>verbum</span> <span class='ocrx_word' id='word_1_226' title='bbox 935 3380 1088 3450; x_wconf 81' lang='lat' dir='ltr'>ligendi;</span> <span class='ocrx_word' id='word_1_227' title='bbox 1118 3385 1212 3451; x_wconf 87' lang='lat' dir='ltr'>potest</span> <span class='ocrx_word' id='word_1_228' title='bbox 1230 3382 1304 3435; x_wconf 87' lang='lat' dir='ltr'>anim</span> 
     </span>
     <span class='ocr_line' id='line_1_28' title="bbox 208 3477 1304 3548; baseline -0.002 -15"><span class='ocrx_word' id='word_1_229' title='bbox 208 3479 275 3548; x_wconf 90' lang='lat' dir='ltr'>quid</span> <span class='ocrx_word' id='word_1_230' title='bbox 291 3479 319 3533; x_wconf 88' lang='lat' dir='ltr'>in</span> <span class='ocrx_word' id='word_1_231' title='bbox 332 3479 408 3533; x_wconf 83' lang='lat' dir='ltr'>caelo</span> <span class='ocrx_word' id='word_1_232' title='bbox 420 3477 469 3548; x_wconf 80' lang='lat' dir='ltr'>figi</span> <span class='ocrx_word' id='word_1_233' title='bbox 480 3479 555 3532; x_wconf 87' lang='lat' dir='ltr'>velut</span> <span class='ocrx_word' id='word_1_234' title='bbox 574 3477 602 3533; x_wconf 87' lang='lat' dir='ltr'>in</span> <span class='ocrx_word' id='word_1_235' title='bbox 614 3494 704 3543; x_wconf 88' lang='lat' dir='ltr'>cruce,</span> <span class='ocrx_word' id='word_1_236' title='bbox 724 3477 753 3530; x_wconf 93' lang='lat' dir='ltr'>in</span> <span class='ocrx_word' id='word_1_237' title='bbox 771 3477 908 3546; x_wconf 88' lang='lat' dir='ltr'>postibus,</span> <span class='ocrx_word' id='word_1_238' title='bbox 928 3478 1005 3531; x_wconf 85' lang='lat' dir='ltr'>velut</span> <span class='ocrx_word' id='word_1_239' title='bbox 1023 3493 1120 3531; x_wconf 85' lang='lat' dir='ltr'>mrrsro</span> <span class='ocrx_word' id='word_1_240' title='bbox 1140 3477 1169 3530; x_wconf 92' lang='lat' dir='ltr'>in</span> <span class='ocrx_word' id='word_1_241' title='bbox 1187 3477 1304 3544; x_wconf 87' lang='lat' dir='ltr'>homine,</span> 
     </span>
     <span class='ocr_line' id='line_1_29' title="bbox 207 3571 1305 3643; baseline -0.001 -17"><span class='ocrx_word' id='word_1_242' title='bbox 207 3591 264 3627; x_wconf 93' lang='lat' dir='ltr'>non</span> <span class='ocrx_word' id='word_1_243' title='bbox 282 3577 378 3643; x_wconf 87' lang='lat' dir='ltr'>potest</span> <span class='ocrx_word' id='word_1_244' title='bbox 396 3573 425 3627; x_wconf 92' lang='lat' dir='ltr'>in</span> <span class='ocrx_word' id='word_1_245' title='bbox 454 3572 560 3627; x_wconf 89' lang='lat' dir='ltr'>lumine</span> <span class='ocrx_word' id='word_1_246' title='bbox 588 3573 639 3643; x_wconf 76' lang='lat' dir='ltr'>figi</span> <span class='ocrx_word' id='word_1_247' title='bbox 659 3590 770 3628; x_wconf 88' lang='lat' dir='ltr'>corona.</span> <span class='ocrx_word' id='word_1_248' title='bbox 807 3571 899 3640; x_wconf 79' lang='lat' dir='ltr'>Quare</span> <span class='ocrx_word' id='word_1_249' title='bbox 927 3572 1055 3642; x_wconf 83' lang='lat' dir='ltr'>praefero</span> <span class='ocrx_word' id='word_1_250' title='bbox 1082 3571 1163 3627; x_wconf 88' lang='lat' dir='ltr'>haec:</span> <span class='ocrx_word' id='word_1_251' title='bbox 1191 3573 1305 3627; x_wconf 72' lang='lat' dir='ltr'>Aedui</span> 
     </span>
     <span class='ocr_line' id='line_1_30' title="bbox 168 3667 1305 3751; baseline 0 -29"><span class='ocrx_word' id='word_1_252' title='bbox 168 3731 169 3734; x_wconf 7' lang='grc' dir='ltr'><strong>Ἰ</strong></span> <span class='ocrx_word' id='word_1_253' title='bbox 195 3669 256 3751; x_wconf 66' lang='lat' dir='ltr'>⁸ibi</span> <span class='ocrx_word' id='word_1_254' title='bbox 274 3669 375 3724; x_wconf 86' lang='lat' dir='ltr'>vario</span> <span class='ocrx_word' id='word_1_255' title='bbox 396 3686 437 3723; x_wconf 88' lang='lat' dir='ltr'>ne</span> <span class='ocrx_word' id='word_1_256' title='bbox 457 3669 565 3724; x_wconf 86' lang='lat' dir='ltr'>solum</span> <span class='ocrx_word' id='word_1_257' title='bbox 593 3671 626 3724; x_wconf 92' lang='lat' dir='ltr'>in</span> <span class='ocrx_word' id='word_1_258' title='bbox 649 3670 792 3725; x_wconf 77' lang='lat' dir='ltr'>culmina</span> <span class='ocrx_word' id='word_1_259' title='bbox 811 3669 899 3724; x_wconf 88' lang='lat' dir='ltr'>caeli</span> <span class='ocrx_word' id='word_1_260' title='bbox 918 3706 1033 3725; x_wconf 91' lang='grc'><strong>.....</strong></span> <span class='ocrx_word' id='word_1_261' title='bbox 1069 3667 1154 3724; x_wconf 84' lang='lat' dir='ltr'>Fixa</span> <span class='ocrx_word' id='word_1_262' title='bbox 1180 3685 1305 3723; x_wconf 88' lang='lat' dir='ltr'>corona</span> 
     </span>
     <span class='ocr_line' id='line_1_31' title="bbox 209 3761 1305 3820; baseline -0.004 -2"><span class='ocrx_word' id='word_1_263' title='bbox 209 3766 313 3820; x_wconf 82' lang='lat' dir='ltr'>soret:</span> <span class='ocrx_word' id='word_1_264' title='bbox 334 3767 374 3820; x_wconf 85' lang='lat' dir='ltr'>ita</span> <span class='ocrx_word' id='word_1_265' title='bbox 393 3769 425 3818; x_wconf 88' lang='lat' dir='ltr'>ut</span> <span class='ocrx_word' id='word_1_266' title='bbox 443 3771 471 3818; x_wconf 89' lang='lat' dir='ltr'>et</span> <span class='ocrx_word' id='word_1_267' title='bbox 490 3780 569 3818; x_wconf 89' lang='lat' dir='ltr'>coma</span> <span class='ocrx_word' id='word_1_268' title='bbox 588 3770 616 3818; x_wconf 83' lang='lat' dir='ltr'>et</span> <span class='ocrx_word' id='word_1_269' title='bbox 631 3782 735 3820; x_wconf 87' lang='lat' dir='ltr'>corona</span> <span class='ocrx_word' id='word_1_270' title='bbox 753 3782 768 3817; x_wconf 85' lang='lat' dir='ltr'>s</span> <span class='ocrx_word' id='word_1_271' title='bbox 783 3764 904 3818; x_wconf 86' lang='lat' dir='ltr'>culmine</span> <span class='ocrx_word' id='word_1_272' title='bbox 923 3764 1042 3818; x_wconf 82' lang='lat' dir='ltr'>hominis</span> <span class='ocrx_word' id='word_1_273' title='bbox 1060 3764 1089 3817; x_wconf 92' lang='lat' dir='ltr'>in</span> <span class='ocrx_word' id='word_1_274' title='bbox 1106 3763 1215 3817; x_wconf 87' lang='lat' dir='ltr'>culmen</span> <span class='ocrx_word' id='word_1_275' title='bbox 1235 3761 1305 3818; x_wconf 86' lang='lat' dir='ltr'>caeli</span> 
     </span>
     <span class='ocr_line' id='line_1_32' title="bbox 209 3859 1304 3930; baseline -0.005 -14"><span class='ocrx_word' id='word_1_276' title='bbox 209 3863 338 3916; x_wconf 86' lang='lat' dir='ltr'>dicantur</span> <span class='ocrx_word' id='word_1_277' title='bbox 356 3862 510 3930; x_wconf 85' lang='lat' dir='ltr'>transponi.</span> <span class='ocrx_word' id='word_1_278' title='bbox 548 3861 592 3915; x_wconf 85' lang='lat' dir='ltr'>Ad</span> <span class='ocrx_word' id='word_1_279' title='bbox 609 3862 737 3916; x_wconf 84' lang='lat' dir='ltr'>varium</span> <span class='ocrx_word' id='word_1_280' title='bbox 757 3861 791 3916; x_wconf 88' lang='lat' dir='ltr'>cl.</span> <span class='ocrx_word' id='word_1_281' title='bbox 803 3860 881 3914; x_wconf 90' lang='lat' dir='ltr'>Ovid.</span> <span class='ocrx_word' id='word_1_282' title='bbox 904 3861 968 3915; x_wconf 87' lang='lat' dir='ltr'>Met.</span> <span class='ocrx_word' id='word_1_283' title='bbox 984 3859 1020 3929; x_wconf 93' lang='lat' dir='ltr'>ll,</span> <span class='ocrx_word' id='word_1_284' title='bbox 1041 3860 1101 3924; x_wconf 85' lang='grc'>193,</span> <span class='ocrx_word' id='word_1_285' title='bbox 1119 3860 1155 3913; x_wconf 88' lang='lat' dir='ltr'>ad</span> <span class='ocrx_word' id='word_1_286' title='bbox 1173 3860 1304 3914; x_wconf 87' lang='lat' dir='ltr'>culmen</span> 
     </span>
     <span class='ocr_line' id='line_1_33' title="bbox 145 3956 1176 4032; baseline -0.005 -20"><span class='ocrx_word' id='word_1_287' title='bbox 145 4021 148 4032; x_wconf 18' lang='lat'>¹</span> <span class='ocrx_word' id='word_1_288' title='bbox 209 3957 266 4013; x_wconf 81' lang='lat' dir='ltr'>cie.</span> <span class='ocrx_word' id='word_1_289' title='bbox 284 3959 362 4012; x_wconf 84' lang='lat' dir='ltr'>Aret.</span> <span class='ocrx_word' id='word_1_290' title='bbox 382 3960 430 4026; x_wconf 85' lang='grc'>26;</span> <span class='ocrx_word' id='word_1_291' title='bbox 450 3957 543 4012; x_wconf 85' lang='lat' dir='ltr'>Manil.</span> <span class='ocrx_word' id='word_1_292' title='bbox 562 3958 584 4026; x_wconf 88' lang='lat'>1,</span> <span class='ocrx_word' id='word_1_293' title='bbox 605 3959 666 4024; x_wconf 86' lang='lat'>150;</span> <span class='ocrx_word' id='word_1_294' title='bbox 685 3956 777 4026; x_wconf 88' lang='lat' dir='ltr'>Nigid.</span> <span class='ocrx_word' id='word_1_295' title='bbox 796 3975 840 4027; x_wconf 86' lang='lat' dir='ltr'>ap.</span> <span class='ocrx_word' id='word_1_296' title='bbox 860 3957 936 4012; x_wconf 85' lang='lat' dir='ltr'>Serv.</span> <span class='ocrx_word' id='word_1_297' title='bbox 957 3957 1057 4026; x_wconf 80' lang='lat' dir='ltr'>Georg.</span> <span class='ocrx_word' id='word_1_298' title='bbox 1077 3956 1098 4024; x_wconf 91' lang='lat' dir='ltr'>l,</span> <span class='ocrx_word' id='word_1_299' title='bbox 1116 3957 1176 4010; x_wconf 83' lang='grc'><strong>218.</strong></span> 
     </span>
    </p>

    <p class='ocr_par' dir='ltr' id='par_1_5' title="bbox 208 4051 1302 4218">
     <span class='ocr_line' id='line_1_34' title="bbox 310 4051 1302 4124; baseline 0.001 -19"><span class='ocrx_word' id='word_1_300' title='bbox 310 4054 336 4123; x_wconf 91' lang='lat'>1)</span> <span class='ocrx_word' id='word_1_301' title='bbox 356 4051 529 4122; x_wconf 77' lang='lat' dir='ltr'>synaloephe</span> <span class='ocrx_word' id='word_1_302' title='bbox 556 4069 687 4108; x_wconf 82' lang='lat' dir='ltr'>caesurae</span> <span class='ocrx_word' id='word_1_303' title='bbox 714 4071 770 4106; x_wconf 90' lang='lat' dir='ltr'>non</span> <span class='ocrx_word' id='word_1_304' title='bbox 796 4054 876 4108; x_wconf 82' lang='lat' dir='ltr'>obest</span> <span class='ocrx_word' id='word_1_305' title='bbox 904 4052 984 4124; x_wconf 80' lang='lat' dir='ltr'>Vrgl.</span> <span class='ocrx_word' id='word_1_306' title='bbox 1015 4053 1048 4107; x_wconf 86' lang='lat' dir='ltr'>G.</span> <span class='ocrx_word' id='word_1_307' title='bbox 1071 4051 1117 4119; x_wconf 81' lang='lat' dir='ltr'>1V,</span> <span class='ocrx_word' id='word_1_308' title='bbox 1146 4053 1206 4106; x_wconf 82' lang='lat'>349.</span> <span class='ocrx_word' id='word_1_309' title='bbox 1236 4051 1302 4106; x_wconf 87' lang='lat' dir='ltr'>Hor.</span> 
     </span>
     <span class='ocr_line' id='line_1_35' title="bbox 208 4149 1003 4218; baseline -0.004 -15"><span class='ocrx_word' id='word_1_310' title='bbox 208 4149 297 4218; x_wconf 81' lang='lat' dir='ltr'>Epod.</span> <span class='ocrx_word' id='word_1_311' title='bbox 317 4151 358 4218; x_wconf 83' lang='lat'>15,</span> <span class='ocrx_word' id='word_1_312' title='bbox 376 4149 400 4202; x_wconf 88' lang='grc'>9.</span> <span class='ocrx_word' id='word_1_313' title='bbox 999 4183 1003 4190; x_wconf 87' lang='grc'><strong>-</strong></span> 
     </span>
    </p>

    <p class='ocr_par' dir='ltr' id='par_1_6' title="bbox 307 4243 1076 4316">
     <span class='ocr_line' id='line_1_36' title="bbox 307 4243 1076 4316; baseline 0.003 -19"><span class='ocrx_word' id='word_1_314' title='bbox 307 4245 336 4313; x_wconf 83' lang='lat'>2)</span> <span class='ocrx_word' id='word_1_315' title='bbox 355 4245 425 4300; x_wconf 81' lang='lat' dir='ltr'>Aen.</span> <span class='ocrx_word' id='word_1_316' title='bbox 444 4243 490 4309; x_wconf 87' lang='lat' dir='ltr'>lv,</span> <span class='ocrx_word' id='word_1_317' title='bbox 510 4247 562 4300; x_wconf 79' lang='lat'>316</span> <span class='ocrx_word' id='word_1_318' title='bbox 581 4263 615 4300; x_wconf 87' lang='lat' dir='ltr'>ex</span> <span class='ocrx_word' id='word_1_319' title='bbox 634 4245 738 4300; x_wconf 83' lang='lat' dir='ltr'>Catulli</span> <span class='ocrx_word' id='word_1_320' title='bbox 755 4248 800 4307; x_wconf 87' lang='grc'>64,</span> <span class='ocrx_word' id='word_1_321' title='bbox 822 4248 869 4298; x_wconf 88' lang='grc'>141</span> <span class='ocrx_word' id='word_1_322' title='bbox 890 4245 1076 4316; x_wconf 85' lang='lat' dir='ltr'>desumptum.</span> 
     </span>
    </p>

    <p class='ocr_par' dir='ltr' id='par_1_7' title="bbox 310 4339 661 4414">
     <span class='ocr_line' id='line_1_37' title="bbox 310 4339 661 4414; baseline 0.009 -19"><span class='ocrx_word' id='word_1_323' title='bbox 310 4341 338 4414; x_wconf 81' lang='grc'>3)</span> <span class='ocrx_word' id='word_1_324' title='bbox 356 4339 420 4396; x_wconf 83' lang='lat' dir='ltr'>Sine</span> <span class='ocrx_word' id='word_1_325' title='bbox 438 4340 602 4397; x_wconf 85' lang='lat' dir='ltr'>Halieuticia</span> <span class='ocrx_word' id='word_1_326' title='bbox 619 4343 661 4398; x_wconf 81' lang='lat'>24.</span> 
     </span>
    </p>
   </div>
   <div class='ocr_carea' id='block_1_4' title="bbox 0 0 1591 4940">
    <p class='ocr_par' dir='ltr' id='par_1_8' title="bbox 0 0 1591 4940">
     <span class='ocr_line' id='line_1_38' title="bbox 0 0 1591 4940; baseline 0 0"><span class='ocrx_word' id='word_1_327' title='bbox 0 0 1591 4940; x_wconf 95' lang='lat' dir='ltr'> </span> 
     </span>
    </p>
   </div>
  </div>
 </body>
</html>
