3158 4940
667 427 808 534 'a

242 653 295 730 IV,
318 653 338 716 6
360 669 388 715 v.
412 651 466 716 25:
490 653 666 734 Improba
688 671 742 717 ma
765 651 869 717 vioit
888 669 961 714 non
982 649 1154 714 moribus
1176 637 1252 716 illa
1273 650 1333 716 sed

242 761 366 826 herbis
380 764 421 810 -'
436 761 551 825 similia
574 778 635 826 non
654 778 763 843 pauca.
801 758 969 841 Superfluit
990 759 1125 823 metrum
1147 758 1179 821 in
1202 759 1334 824 lectione

239 865 1335 951 tradita:NonAmphiaraeaeprosinttibiiotaquadriga03

242 977 294 1042 sad
316 979 392 1042 haee
411 979 444 1041 ni
466 975 559 1042 fallor
579 978 738 1042 lenissima
762 976 934 1042 emendatio
957 977 1079 1058 praesto
1102 978 1163 1041 est:

343 1087 439 1152 Num
462 1086 691 1168 Amphiaraaae
713 1087 831 1169 prosint
852 1085 911 1151 tibi
933 1085 999 1150 fata
1023 1086 1214 1168 quadrigae?

340 1195 408 1260 Aut
428 1194 563 1277 Capanei
584 1210 698 1278 magno
720 1197 813 1278 grata
834 1195 925 1260 ruina
946 1195 1048 1260 Jovir

242 1303 424 1386 Oorruptola
446 1301 551 1368 eadam
563 1323 589 1368 e.
600 1323 630 1388 g.
643 1321 668 1368 o.
679 1304 764 1382 IV‚6
780 1321 809 1368 v.
821 1304 841 1366 3
855 1303 888 1366 in
899 1303 1115 1384 Neapolitano.
1148 1303 1217 1367 urit
1237 1303 1336 1386 igitur

243 1413 307 1478 lnoo·
317 1413 490 1496 exemplum
509 1413 635 1476 unicum
647 1412 700 1477 ubi
716 1411 921 1494 synaloephen
934 1411 965 1474 in
988 1411 1088 1492 prima
1104 1412 1165 1475 arsi
1177 1411 1337 1476 admiserit

242 1521 349 1603 poeta3
382 1523 416 1586 at
437 1520 518 1584 onim
550 1519 640 1584 initio
662 1519 787 1584 dextrae
808 1519 906 1601 partis
938 1520 1124 1601 pentametri
1157 1520 1208 1584 vix
1230 1521 1332 1584 minus

242 1629 354 1693 durum
376 1630 447 1694 hoo:
469 1630 502 1693 si
524 1629 648 1694 altera
671 1629 768 1694 talis
790 1630 862 1694 erit
884 1628 954 1710 (Ill,
977 1630 1025 1707 14,
1047 1626 1117 1711 10);
1140 1647 1238 1711 noque
1256 1628 1335 1693 illud

243 1758 261 1803 a
273 1737 411 1823 Vergilio
424 1737 568 1816 alienum,
591 1737 661 1802 vide
673 1739 779 1804 Bueol.
792 1739 851 1811 ΙΙΙ,
866 1739 907 1802 48
922 1737 972 1814 (of.
986 1737 1065 1802 Ciris
1079 1757 1108 1802 v.
1122 1739 1206 1816 295).
1232 1737 1336 1821 Atque

242 1847 286 1910 sit
305 1847 364 1911 hoo
396 1847 562 1929 singulare,
595 1863 691 1928 aeque
723 1846 891 1929 singularis
922 1844 956 1910 in
977 1845 1139 1928 Propertio
1168 1863 1272 1910 versus
1297 1847 1334 1912 17

243 1952 457 2034 earminialll,
482 1955 535 2019 25:
557 1955 607 2019 At
628 1954 735 2018 nullo
751 1953 1090 2019 dominaeteritur
1110 1953 1183 2020 sub
1204 1955 1337 2020 limina

244 2085 352 2130 amor
376 2066 452 2146 qai.
487 2063 547 2145 Qui
570 2063 651 2129 onim
668 2063 740 2128 inde
754 2065 794 2129 ab
807 2062 935 2128 Heinsio
957 2062 1128 2127 clausulam
1143 2063 1335 2128 emendaturi

243 2175 398 2238 amator
420 2174 608 2254 seripserunt
630 2172 830 2255 neglexerunt
850 2172 966 2250 literas,
989 2171 1193 2253 deturpamnt
1213 2173 1336 2236 santen-

243 2281 333 2346 tiam.
379 2281 536 2344 Nimirum
559 2277 674 2374 odiebat
696 2281 787 2363 poeta
808 2279 973 2344 ridiculum
1002 2297 1067 2344 essa
1090 2279 1244 2344 hominem
1277 2281 1337 2345 teri

245 2389 326 2454 sieut
357 2407 464 2457 aarum
496 2389 631 2472 liquoral
677 2388 820 2454 Getarum
843 2389 913 2453 vide
945 2407 1024 2471 quaa
1046 2390 1154 2454 eontra
1177 2389 1335 2454 laooblum

244 2498 416 2580 disputavit
438 2499 660 2583 Hertnbergius
681 2499 721 2564 ad
743 2499 855 2564 looum.
890 2497 1125 2564 Emendaudum
1146 2499 1249 2580 potius
1270 2499 1338 2563 erat

246 2608 319 2672 sub
351 2607 515 2682 limine;
551 2625 623 2672 narn
646 2608 728 2690 quod
752 2607 878 2672 Davisio
901 2607 1029 2672 debetur
1060 2607 1271 2672 molimina
1302 2626 1336 2671 eo

246 2715 365 2780 celatur
378 2717 497 2796 volnus,
520 2735 580 2782 non
603 2717 741 2782 sanatur.
771 2715 956 2782 Credibilius
978 2717 1052 2782 hoa:
1074 2717 1124 2780 At
1146 2717 1257 2780 nullo
1279 2716 1339 2802 do-

246 2825 371 2890 minae
401 2826 549 2890 teritur
578 2826 817 2907 sufflamine
838 2845 939 2891 amor
961 2827 1027 2909 qui
1049 2826 1189 2890 Restat
1210 2826 1249 2889 et
1271 2825 1339 2888 im·

247 2934 389 2998 marita
411 2935 588 3000 sustinet
617 2953 709 3001 aure
740 2936 882 3012 minas3
914 2955 988 3001 narn
1010 2933 1212 3000 conferendus
1234 2953 1339 2999 versus

247 3041 402 3107 Iuvenalis
425 3043 471 3108 est
501 3043 599 3124 (XVI,
622 3045 691 3120 5012
723 3045 800 3109 Neo
820 3061 878 3109 res
910 3043 1103 3109 atteritur
1124 3043 1242 3125 longo
1263 3041 1339 3122 saf-

243 3149 414 3232 flamine
433 3151 540 3217 litis.
584 3151 812 3218 sufflamen
836 3153 940 3235 aperte
962 3153 1020 3216 hoo
1041 3152 1109 3216 looo
1131 3169 1186 3233 pro
1208 3149 1338 3233 impedi-

245 3261 349 3324 mento
365 3261 459 3343 atque
474 3261 678 3326 inoommodis
699 3262 835 3344 positum
857 3263 889 3326 in
901 3261 1137 3344 Propertianam
1154 3258 1338 3324 sententiam

245 3368 335 3433 unios
356 3369 500 3451 quadrat.
553 3370 725 3452 Utrobique
758 3371 862 3435 autam
895 3369 1059 3436 terendi
1090 3369 1218 3434 verbum
1239 3365 1340 3448 adpli-

249 3474 365 3540 oatum.
407 3477 534 3543 Scilicet
559 3497 620 3542 non
642 3479 700 3543 hoo
714 3497 775 3542 uno
797 3478 864 3543 looo
876 3477 1073 3561 Propertium
1092 3475 1248 3541 luvenalis
1269 3474 1341 3538 imi·

244 3586 331 3650 tatus
353 3587 409 3652 est.
454 3587 595 3670 Denique
615 3587 675 3654 hae
697 3587 836 3672 imagine
848 3587 870 3671 ¹)
902 3587 1042 3654 adhibita
1064 3585 1188 3674 facilius
1209 3585 1340 3649 fortasse

246 3693 417 3775 explicatur
431 3712 485 3758 our
506 3695 627 3759 restat
646 3695 774 3760 verbum
796 3695 979 3778 insequatur
991 3713 1060 3758 oum
1078 3694 1136 3758 hae
1152 3689 1188 3757 de
1209 3710 1242 3756 re
1263 3707 1339 3772 per-

247 3785 1341 3883 mmmmmmmmmfflma

348 3995 376 4064 1)
394 3994 481 4061 Quam
499 3995 582 4050 etiam
601 3996 756 4064 imperator
766 3995 909 4065 Angudm
920 3993 1059 4065 „optima“
1072 3993 1206 4050 adhibere
1223 3994 1342 4050 callebat

247 4090 282 4146 da
302 4090 417 4144 Haterio
436 4089 532 4149 disens
550 4091 631 4145 nimis
649 4091 783 4146 velociter
801 4097 912 4146 orante:
942 4091 1109 4147 Haterius
1136 4094 1258 4144 noster
1276 4089 1340 4143 aul-

247 4185 483 4243 llaminandua
500 4188 553 4237 ast
571 4183 685 4251 (Sanane
703 4185 832 4240 (lentior.
853 4183 891 4242 lV
909 4185 996 4254 praei.
1014 4183 1082 4256 ξ’ῖ).

347 4282 476 4355 mildo
504 4281 650 4339 laconiam
679 4297 759 4352 apes
789 4282 913 4336 limina
942 4297 1108 4350 amorque
1139 4291 1236 4332 anisam
1268 4293 1342 4347 oeae,

248 4380 464 4436 Kindsolserum:
485 4379 530 4434 At
546 4377 642 4434 nulla
659 4378 815 4434 dominae
833 4377 961 4434 teritur
980 4377 1041 4431 aab
1059 4377 1121 4430 lite
1139 4389 1230 4429 amor
1247 4373 1324 4428 ullii
