3158 4940
742 403 783 478 66

216 593 260 679 (u.
268 594 316 663 ,59
327 595 385 682 sq.)
406 591 507 664 nesam
529 615 603 662 num
618 596 868 664 animadversum
891 596 946 673 sit;
969 611 1051 661 nunc
1073 591 1154 661 enim
1177 587 1311 678 selupes

216 725 362 790 quaerere
381 706 460 771 dicit
480 707 511 772 91
530 706 621 772 selem
643 706 795 772 minacem

315 815 399 880 Dum
421 829 482 880 non
506 833 620 898 magna
641 814 741 880 ratis
762 814 913 880 vicinis
935 811 1045 879 sueta
1065 811 1213 880 moveri

316 917 520 988 Litoribus
541 924 727 1006 tutosque
748 923 857 989 sinus
878 939 1115 1004 percurrere
1135 918 1258 982 remis

316 1031 409 1096 Nunc
430 1031 567 1113 primum
587 1031 642 1096 dat
664 1031 733 1096 vela
755 1031 848 1097 Notis
870 1049 932 1113 eqs.
975 1002 995 1058 ¹

218 1139 329 1206 Tutior
349 1139 432 1205 enim
454 1139 529 1210 haec
550 1157 601 1204 ars
623 1139 655 1203 91
674 1139 877 1221 tranquillior
888 1139 938 1203 cui
951 1138 1026 1204 olim
1047 1138 1185 1220 parebat,
1208 1136 1313 1218 pasto·

216 1247 292 1312 ralis
314 1246 424 1312 cantus
445 1247 610 1312 videbitur.

316 1355 419 1420 Velim
442 1354 596 1420 etiamad
617 1355 773 1438 Elegiae
804 1373 881 1438 ques
902 1355 980 1420 duas
1010 1351 1152 1418 distinxit
1174 1349 1313 1432 Scaliger

217 1463 256 1526 in
278 1462 537 1528 Maecenatem
558 1463 590 1528 te
612 1461 789 1539 convertam
820 1463 913 1526 antea
933 1461 1015 1526 enim
1038 1478 1132 1543 quam
1155 1459 1313 1540 Hauptius

218 1569 255 1636 de
276 1571 422 1653 Epicadio
442 1571 537 1636 Drusi
559 1571 640 1653 lips.
663 1571 743 1636 1849
772 1571 847 1653 egit,
879 1569 1017 1652 lipicedii
1049 1568 1192 1651 scriptori
1218 1568 1313 1632 etiam

217 1678 288 1743 illas
310 1678 413 1744 deberi
435 1679 668 1745 consentiebant
691 1681 722 1743 91
754 1679 878 1760 propter
900 1679 1061 1742 verborum
1094 1675 1314 1742 similitudines

218 1787 251 1849 et
273 1787 356 1868 quod
377 1786 469 1852 modo
490 1785 626 1851 Drusum
649 1787 791 1850 iuvenem
811 1783 967 1850 deflevisse
988 1786 1111 1867 poetam
1133 1785 1210 1849 satis
1231 1783 1314 1847 dilu-
1362 1765 1366 1772 ¹

219 1892 287 1957 cide
318 1894 488 1976 apparebat
511 1912 547 1958 91
569 1913 618 1958 vv.
643 1893 668 1972 Ι,
694 1895 709 1956 1
733 1912 778 1975 sq.
809 1891 840 1956 et
862 1892 903 1970 ll,
926 1893 956 1956 4.
1001 1891 1118 1956 Tamen
1140 1909 1191 1956 ars
1221 1891 1314 1956 hena·
1376 1975 1379 1981 Ι

219 2002 348 2066 metrica
369 2001 585 2084 sispsctatnr,
608 2001 692 2066 color
713 2019 774 2065 non
796 2019 859 2065 una
880 1999 913 2063 in
936 2018 969 2064 re
991 1999 1130 2063 diversus
1151 1997 1291 2080 patescit.

320 2107 421 2173 Semel
443 2107 526 2172 onim
547 2105 648 2172 exstat

460 2314 462 2320 Α
522 2237 586 2293 PPS
686 2237 757 2290 ΡΡΙ)
841 2237 908 2305 PQS
996 2237 1068 2306 PQD
1141 2238 1176 2292 H.
1193 2241 1231 2291 tr.
1292 2291 1294 2296 ,

272 2335 508 2390 moeremium.
548 2331 802 2404 18(5ex.)4(2a)
839 2333 983 2402 culmus)
1018 2337 1054 2388 30
1091 2334 1128 2405 (3)
1165 2337 1182 2388 s
1222 2337 1279 2402 (11)

269 2429 453 2500 Epicuron:
527 2421 580 2482 2'37
598 2429 638 2499 (1)
709 2427 802 2498 elce)
839 2427 890 2496 τ’),
921 2429 979 2498 (32)
1019 2432 1052 2484 10
1069 2429 1126 2499 (24)
1163 2430 1287 2498 rugen).

218 2553 350 2618 Formae
369 2552 402 2616 ΙΙ
425 2551 597 2634 exemplum
618 2569 680 2615 non
702 2551 748 2615 est
768 2551 828 2614 nisi
850 2551 883 2615 in
907 2551 1052 2633 Epicedio
1076 2551 1116 2632 (v.
1140 2551 1210 2633 35);
1237 2552 1312 2614 item

218 2661 305 2725 iuxta
326 2659 479 2742 duplicem
502 2675 661 2723 caesuram
682 2657 765 2722 ΡΡΙ)
788 2659 941 2724 admissus
964 2661 1008 2742 (v.
1030 2657 1114 2740 259).
1159 2658 1315 2725 Gravissi-

219 2787 306 2832 mum
327 2785 415 2832 vero:
447 2784 517 2831 cum
539 2767 572 2830 in
594 2767 836 2832 Maecenatianis
865 2784 1036 2849 numquam
1058 2767 1188 2849 quartus
1221 2767 1315 2831 simul

219 2877 251 2940 et
271 2875 399 2958 quintus
431 2876 595 2940 trochaeus
617 2875 841 2957 distinguatur,
862 2875 970 2957 putide
993 2893 1041 2940 res
1063 2893 1098 2940 ea
1120 2875 1252 2939 recurrit
1283 2873 1314 2937 in

221 2981 437 3047 Consolatione
457 2981 551 3045 semel
577 2979 611 3042 in
635 2979 716 3059 19³l4
736 2999 786 3044 vv.
809 2981 865 3063 (12
887 2982 958 3062 en),
989 2981 1077 3044 cuins
1099 2979 1201 3044 simile
1233 2981 1315 3062 apud

219 3090 368 3169 heroicos,
390 3087 504 3152 nedum
514 3088 596 3169 apud
618 3088 770 3170 elegiacos
792 3105 961 3170 numquam
985 3107 1035 3153 ms
1055 3089 1157 3171 legere
1178 3089 1315 3153 memini.

220 3197 332 3278 Itaque
345 3196 439 3260 etiam
449 3197 556 3278 postea
569 3213 663 3277 quam
675 3195 796 3277 Haupti
810 3193 960 3259 iudicium
974 3195 1223 3261 consolationem
1238 3196 1317 3260 citra

220 3323 325 3369 veram
337 3321 401 3368 esse
423 3301 644 3384 antiquitatem
656 3302 828 3368 refutatum
843 3303 912 3386 erit,
932 3303 965 3367 in
979 3304 1038 3368 hoc
1052 3323 1101 3368 me
1116 3303 1218 3368 iudice
1236 3322 1317 3367 sem-

137 3413 140 3418 '
221 3411 440 3494 perHauptius
451 3409 632 3492 sequendus,
645 3410 771 3476 doctum
787 3411 922 3494 aliquem
933 3412 1057 3493 poetam
1068 3411 1318 3477 Maecenatiano-

221 3539 290 3584 rum
311 3521 444 3586 lectione
464 3519 632 3584 incitatum
651 3519 753 3602 elegos
768 3537 845 3601 quos
860 3518 1055 3585 desiderabat
1073 3519 1222 3585 deDruso
1245 3519 1318 3584 sub·

221 3627 369 3692 stitnisse.
413 3627 528 3692 Versus
549 3627 654 3695 autem
677 3626 794 3710 elegiae
829 3627 862 3690 in
885 3627 983 3692 Maec.
1015 3626 1126 3708 prioris
1151 3628 1190 3690 19
1225 3628 1317 3691 9120
1426 3651 1428 3654 ·
1541 3631 1548 3649 “

221 3754 283 3798 non
307 3733 429 3799 delendi
460 3735 544 3815 sunt,
579 3734 632 3799 sed
654 3734 870 3800 coniunctione
901 3734 1066 3816 copulandi
1093 3752 1164 3798 cum
1196 3734 1318 3798 antece-

221 3843 366 3908 dentibus
387 3843 448 3908 ita:
469 3841 601 3908 Vincit
622 3842 803 3924 volgares
824 3841 947 3906 celati
968 3841 1136 3924 beryllus
1158 3841 1318 3906 barenas

222 3951 355 4016 Litore
387 3951 429 4015 in
451 3951 643 4016 9191191119
669 3969 760 4032 quas
781 3950 897 4016 simul
930 3949 1034 4015 unda
1056 3949 1189 4013 movet
1210 3953 1318 4031 (quas

222 4058 303 4123 enim
320 4059 464 4125 Vossiani
485 4059 513 4124 si
534 4059 628 4124 simul
648 4059 688 4124 ad
710 4059 862 4142 beryllum
885 4059 989 4144 refers,
1012 4057 1049 4123 de
1072 4077 1162 4123 versu
1184 4059 1225 4121 20
1247 4076 1319 4138 par-

222 4167 310 4231 cetur
324 4167 532 4246 coniecturis).
562 4166 667 4249 Igitur
681 4165 840 4232 Minervae
851 4166 1067 4249 Apollinisque
1088 4166 1180 4232 decus
1194 4165 1241 4230 ita
1263 4162 1318 4243 ost,

222 4277 308 4341 velut
329 4277 466 4358 beryllus
488 4277 678 4358 volgares
699 4275 830 4340 harenas
851 4275 964 4358 vincit3
988 4273 1147 4340 sciendum
1168 4275 1215 4340 est
1236 4274 1318 4338 enim
1343 4327 1348 4340 .
