3158 4940
751 421 867 488 45·

175 685 178 691 ,
227 607 322 676 stiam
344 612 477 692 myrices
509 611 580 676 illes
610 609 768 691 silvasque
796 608 938 674 insuam
960 607 1078 674 3331333
1108 624 1172 674 rem
1204 603 1315 674 audere

222 719 368 800 potuerit.
410 719 447 784 Id
468 721 549 785 certe
570 720 602 784 31
630 718 744 783 litteris
765 717 891 782 traditis
911 718 942 782 31
965 716 1118 782 3311331133
1148 717 1315 782 humiles

224 826 370 892 concedes
391 828 587 910 aliquatenus
608 825 826 892 commendari.
868 826 911 891 Ut
933 826 1014 890 enim
1041 825 1120 891 falso
1149 825 1315 891 distractas

226 953 332 1000 rursus
352 936 524 1000 coartamus
547 935 684 1000 litteras:
718 932 1002 1016 silandemaspirem
1030 933 1161 998 humiles
1182 934 1209 998 si
1230 934 1316 999 edire

224 1062 361 1128 cyrenas,
384 1043 460 1110 heac
481 1043 701 1110 nanciscimur:
1077 1063 1079 1067 ·

324 1151 453 1218 Silvae
473 1151 556 1216 dum
577 1151 764 1234 aspirent,
787 1151 918 1218 humiles
941 1151 968 1216 si
986 1151 1071 1216 edire
1092 1152 1272 1236 myricas,

322 1260 357 1327 si
377 1259 477 1342 patric
499 1260 603 1342 graios
627 1259 762 1327 carmine
785 1258 872 1324 adire
893 1259 972 1326 sales

261 1383 265 1412 ¹
324 1370 500 1447 Possumus,
524 1367 640 1450 3313113
661 1367 731 1450 plus
752 1368 815 1434 iam
836 1369 1032 1451 procedimus
1054 1369 1145 1452 ipsis:

325 1479 393 1544 Hoc
416 1478 492 1543 33113
513 1478 573 1542 est:
595 1477 704 1560 pingui
724 1477 770 1541 nil
792 1477 869 1542 mihi
891 1496 961 1542 cum
980 1479 1103 1560 populo.

225 1590 330 1672 Atque
351 1589 427 1652 haec
447 1587 493 1652 ita
513 1587 628 1669 poteris
649 1587 861 1669 interpretari:
895 1586 984 1651 Nihil
1015 1587 1092 1651 mihi
1115 1606 1185 1653 cnm
1207 1589 1317 1672 pingui

224 1699 354 1782 pepulo;
375 1697 554 1762 3311333133
575 1697 621 1762 331
642 1696 746 1780 graios
767 1697 846 1762 seles
863 1695 950 1760 adire
964 1695 1087 1761 etiamsi
1109 1697 1239 1779 populus
1255 1717 1317 1764 non

226 1807 356 1890 plaudit.
401 1806 519 1871 Tamen
541 1805 626 1870 edire
649 1823 699 1870 eos
721 1801 838 1888 nequeo
860 1805 921 1870 nisi
944 1805 1069 1888 patrio
1091 1811 1238 1886 sermone,
1260 1807 1318 1873 hoe

229 1935 325 1985 unum
347 1915 422 1998 quia
453 1933 515 1980 non
541 1933 696 1997 assequor,
726 1915 763 1978 ut
791 1915 846 1980 tuo
869 1915 1014 1996 exemplo,
1049 1914 1191 1995 Messala,
1222 1915 1317 1982 etiam

227 2025 336 2108 lingua
358 2025 431 2090 uter
454 2023 609 2106 Cecropia.
651 2023 762 2105 ltaque
791 2024 959 2106 antequam
981 2023 1069 2088 nobis
1091 2023 1214 2089 311333
1235 2026 1318 2109 3331-

228 2133 374 2211 raverint,
407 2134 465 2198 hoc
485 2133 541 2216 est,
574 2132 740 2213 antequem
762 2149 905 2214 graeco
928 2133 1063 2197 carmine
1091 2151 1217 2216 graecos
1239 2134 1318 2200 33133

228 2242 314 2307 adire
335 2239 450 2319 licebit,
484 2239 591 2320 331313
614 2239 677 2303 iam
698 2238 767 2320 plus
789 2238 980 2320 procedimus
1006 2240 1033 2304 si
1054 2241 1088 2304 in
1109 2241 1238 2322 patrio
1259 2243 1318 2308 hoc

228 2368 367 2415 sermone
390 2349 549 2432 myricis
570 2349 723 2413 iuvamur.

326 2457 473 2525 Conscius
488 2459 635 2524 audaciae
655 2476 740 2534 sum3
763 2457 898 2523 credenti
919 2477 991 2524 varo
1013 2459 1106 2524 etiem
1128 2459 1246 2542 primus
1266 2479 1319 2542 pes

227 2567 374 2634 dicendus
405 2567 464 2632 erit
498 2567 705 2650 inelegantius
737 2585 799 2632 csse
821 2551 975 2633 formatus
996 2569 1108 2651 quippe
1139 2587 1210 2634 cum
1232 2569 1316 2633 PPD

226 2677 350 2760 quidem
372 2676 466 2741 semel
485 2676 519 2740 in
540 2677 622 2740 733.
643 2676 763 2758 prostat
785 2676 830 2756 (13
851 2676 970 2758 reliquo
985 2677 1163 2759 3313133133
1178 2678 1260 2743 inter
1273 2678 1317 2757 8),

227 2784 303 2850 PPS
325 2803 399 2850 vero
431 2785 522 2848 1316
545 2784 639 2850 semel
671 2784 725 2867 (cf.
747 2803 776 2849 3.
799 2785 864 2867 37),
898 2785 932 2849 31
961 2785 995 2848 13
1015 2784 1143 2868 reliquis
1175 2787 1257 2852 inter
1278 2788 1318 2850 31

227 2893 352 2959 133133]
375 2893 479 2959 semel.

327 2998 436 3066 Placet
472 3001 580 3066 statim
613 3019 764 3084 apponere
795 2997 1004 3086 Lygdamum.
1064 3001 1205 3067 Tertium
1236 3003 1318 3068 enim

229 3109 346 3175 Tibulli
370 3111 485 3176 librum
507 3111 587 3175 alins
609 3129 672 3175 esse
694 3111 802 3192 poetae
823 3111 911 3176 33313
936 3091 1032 3194 nuper
1062 3111 1092 3176 31
1116 3111 1318 3194 amplioribus

229 3219 310 3282 euris
332 3218 491 3284 firmatum
506 3220 552 3285 est
574 3220 604 3284 et
618 3238 637 3284 3
650 3219 756 3284 Lierso
768 3221 789 3296 ¹)
812 3218 842 3283 31
864 3219 1138 3302 3Κ1333333331);
1159 3221 1224 3302 1333
1245 3240 1317 3288 vero

229 3323 319 3407 poeta
341 3328 411 3410 quis
432 3327 526 3392 luerit
548 3326 768 3410 quoniamvix
784 3326 929 3410 indagari
949 3329 1063 3410 poterit
1084 3328 1257 3412 unquem⁸)
1279 3365 1320 3376 -

231 3437 376 3502 Ouidium
408 3455 471 3502 esse
502 3437 616 3502 iterum
647 3435 718 3519 3331
740 3435 912 3518 Gruppium
946 3435 1156 3504 Kleemannus
1187 3438 1320 3522 sumpsit

331 3667 358 3734 1)
377 3663 469 3719 Uaber
486 3664 530 3719 die
543 3663 711 3720 Unechtheit
730 3681 786 3733 eqs.
810 3663 990 3734 Programma
1008 3663 1229 3734 Brombergense
1242 3663 1319 3720 1875.

330 3762 358 3832 2)
376 3761 417 3815 De
435 3761 501 3815 libri
512 3761 552 3814 lll
564 3761 732 3815 carminibus
751 3777 822 3828 quas
833 3759 938 3815 Tibulli
955 3760 1066 3815 nomine
1079 3759 1321 3818 circumferuntur.

230 3859 413 3930 Argentorati
433 3857 509 3912 1876.
1310 3892 1313 3900 ,

324 3957 359 4023 ,3)
377 3953 564 4023 Lygdamus
581 3953 746 4007 libertorum
763 3969 865 4008 noman
885 3953 948 4010 111.
965 3953 1000 4009 N.
1019 3955 1089 4008 23811
1108 3969 1135 4024 g.
1155 3953 1216 4007 961.
1239 3953 1320 4022 lucc,

231 4051 265 4108 cf.
285 4053 355 4108 culo
373 4051 407 4106 N.
428 4053 487 4126 1110.Ι
513 4049 617 4104 Tamen
636 4049 659 4102 si
677 4053 849 4118 assumptum
866 4065 1065 4120 usqueversum
1083 4053 1153 4117 erst,
1171 4049 1219 4103 vix
1236 4049 1321 4104 alium

231 4147 463 4218 atquerllbium
480 4145 603 4202 indicare
621 4149 741 4216 poterat,
760 4146 825 4214 quie
844 4145 977 4216 „lygdos“
996 4151 1076 4200 etex
1094 4145 1220 4200 Diodoro
1239 4150 1268 4200 31
1286 4161 1322 4200 ex

231 4245 320 4299 Plinio
348 4261 470 4300 marmor
494 4259 554 4297 esse
579 4242 711 4296 discimus
729 4242 821 4297 album
840 4246 869 4297 et
894 4257 1069 4313 summopere
1091 4237 1241 4297 candidum
1269 4241 1317 4312 (31.

231 4341 351 4397 11331131.
370 4341 416 4409 IV,
436 4341 478 4410 le,
497 4341 522 4395 3.
541 4341 585 4410 42,
605 4339 662 4410 21).
