3158 4940
779 449 820 514 36

351 631 388 696 In
410 651 437 696 v.
462 632 501 696 13
523 631 669 696 carminis
701 632 725 710 Ι,
751 633 806 698 13:
842 633 950 698 Haec
971 653 1041 717 ego
1073 653 1150 702 non
1182 654 1342 704 rumore

238 740 352 807 malo
383 758 455 804 non
486 757 637 822 augure
666 738 808 804 doctus
830 775 870 786 —-
892 742 1034 824 acquievi
1066 743 1099 808 iu
1120 742 1218 820 F1l13
1250 746 1341 812 lectio

249 847 367 912 incerta
389 865 485 929 neque
506 848 546 912 ad
564 865 692 912 manum
714 846 872 911 restitutio
895 848 974 924 veri;
998 850 1078 916 carte
1101 851 1161 916 aio
1182 852 1265 934 quod
1286 873 1341 936 pro
1478 903 1482 914 .

250 955 351 1021 malo
374 954 530 1037 Hauptius
552 954 713 1036 supposuit
733 954 797 1020 iam
819 955 858 1020 ab
880 955 950 1022 aliis
972 957 1182 1040 improbatum
1203 962 1258 1026 ost.

350 1064 396 1128 De
416 1061 583 1146 spondiaca
605 1062 706 1128 forma
736 1062 859 1128 insede
890 1065 990 1146 prima
1012 1065 1150 1132 dubitari
1182 1071 1280 1154 possit
1308 1071 1341 1136 in

250 1193 279 1240 1.
305 1175 342 1237 15
364 1191 389 1238 c.
412 1173 453 1251 ΙΙ,
487 1172 519 1236 7:
554 1170 701 1252 Quodsi
722 1190 814 1237 vera
844 1191 946 1245 meae
968 1174 1185 1242 comitaren
1207 1180 1342 1244 castra

252 1282 423 1366 puellae.
467 1281 506 1346 In
526 1282 637 1364 quibus
669 1281 696 1346 si
717 1283 956 1348 comitarent
983 1285 1129 1352 scribitur
1159 1288 1243 1354 mala
1272 1307 1342 1353 aen-

248 1391 348 1456 tentia
371 1408 442 1456 cum
464 1389 619 1467 nascatur,
652 1389 770 1456 multae
791 1390 974 1458 emendandi
998 1392 1067 1458 viae
1090 1394 1187 1460 initae
1208 1389 1280 1460 sunt
1302 1397 1341 1462 ab

249 1499 379 1566 Heinsio
403 1497 561 1582 scaligero
582 1497 781 1564 Lachmanno
814 1499 893 1577 11111,
926 1518 1043 1584 semper
1064 1501 1168 1568 tamen
1198 1504 1234 1568 111
1253 1523 1340 1570 uera

249 1607 436 1678 uocabulum
457 1606 595 1672 delerent
616 1607 665 1672 cni
698 1626 747 1682 me
768 1607 892 1690 quidem
927 1609 1028 1676 iudica
1051 1613 1126 1678 nota
1157 1613 1262 1678 inusta
1293 1614 1341 1680 est

249 1717 399 1783 raritatis.
433 1716 514 1798 Quid
533 1715 616 1780 enim
638 1716 791 1782 amatorio
809 1718 917 1798 poetae
936 1718 1048 1800 aptius,
1072 1720 1146 1802 quid
1168 1721 1269 1806 magis
1289 1739 1340 1786 so·

248 1826 342 1892 litum
369 1844 463 1916 quam
486 1826 588 1890 castra
617 1825 737 1907 puellae
756 1827 846 1907 quasi
868 1845 940 1892 vora
961 1828 1064 1894 eastra
1086 1828 1195 1894 castris
1216 1829 1340 1896 Martiis

252 1937 423 2017 opponere?
457 1932 531 2000 Ideo
546 1932 735 1998 subridicule
747 1933 931 2018 Hertzbergi
946 1934 1160 2017 interpretatio
1171 1937 1236 2002 est:
1258 1939 1341 2021 quod

251 2043 279 2109 si
300 2062 373 2108 1111
394 2043 497 2108 castra
520 2042 620 2110 essent
641 2059 808 2126 uerumque
829 2043 955 2123 bellum,
982 2063 1060 2126 quae
1083 2063 1183 2110 meam
1205 2047 1340 2129 puellam

251 2151 435 2234 sequuntur!
478 2150 523 2218 Ut
555 2169 626 2216 vero
659 2168 759 2216 meam
783 2168 922 2231 promam
955 2150 1138 2232 opinionem,
1161 2153 1340 2224 versibus8

249 2260 356 2343 primis
387 2259 566 2326 successisse
590 2258 665 2323 olim
686 2275 784 2339 usque
804 2257 844 2322 ad
868 2277 896 2324 v.
922 2258 960 2324 14
984 2278 1089 2341 parem
1113 2279 1258 2328 versuum
1280 2283 1339 2328 nu-

248 2386 367 2434 merum
386 2368 446 2451 ipsi
467 2367 585 2434 codices
610 2367 780 2441 lactantum
813 2367 911 2432 altera
941 2368 1041 2450 igitur
1061 2370 1187 2452 stropha
1208 2371 1254 2436 ita
1278 2371 1340 2438 iere

249 2477 502 2544 concludebatur:

347 2582 452 2648 Unde
472 2582 564 2648 mibi
585 2581 816 2664 1111οὲ1111111
838 2581 943 2650 osculo
960 2584 1094 2666 perdere
1115 2587 1258 2654 umoris?

347 2691 472 2758 Nulla
491 2690 546 2756 bos
566 2690 731 2774 amplexos
752 2690 868 2758 solvere
890 2693 1020 2760 castra
1041 2694 1151 2762 uolent.

349 2800 438 2868 Unde
458 2800 536 2866 mibi
555 2800 666 2882 patriis
685 2800 775 2866 natos
792 2801 936 2883 praebere
957 2801 1144 2886 triumphis?

349 2897 463 2976 Nullus
485 2910 522 2975 de
543 2911 649 2975 nostro
671 2910 822 2992 sanguine
842 2910 930 2976 miles
952 2911 1020 2978 1111.

250 3019 330 3084 Tum
351 3018 434 3102 quod
455 3018 640 3101 sequebatur
661 3017 802 3084 exodium
823 3017 867 3084 sic
888 3017 1070 3100 incipiebat:

348 3127 436 3208 Quod
458 3127 518 3192 nisi
538 3145 610 3194 vera
630 3145 715 3192 meae
735 3126 922 3192 comitarem
944 3127 1046 3192 castra
1066 3127 1186 3210 puellae

288 3297 293 3306 .
349 3235 422 3302 Non
443 3235 521 3302 mihi
541 3235 590 3300 sat
612 3254 744 3320 magnus
767 3233 904 3302 Castoris
923 3233 984 3300 iret
1005 3254 1107 3318 equos.

184 3388 187 3398 ,
250 3341 496 3421 domitarem
532 3341 595 3408 iam
621 3341 722 3417 ¹ltali;
760 3361 832 3406 nam
866 3341 962 3408 etiam
995 3341 1124 3408 Ovidius
1159 3343 1199 3408 ab
1234 3345 1337 3412 activa

248 3451 348 3516 forma
369 3467 431 3514 non
453 3450 588 3528 abstinet
609 3449 663 3516 ubi
693 3449 816 3533 passiva
838 3450 885 3514 uti
906 3449 1028 3516 licebat.
1073 3449 1226 3530 Quodsi
1247 3453 1338 3520 initio

248 3569 355 3616 uersus
387 3551 518 3618 scribere
539 3550 590 3616 111
621 3550 782 3634 praeferes,
815 3551 888 3616 licet
918 3549 1033 3616 ibidem
1062 3551 1199 3634 posuerit
1220 3554 1339 3620 Aetnae

248 3660 339 3742 poeta
361 3679 391 3724 1.
415 3661 484 3740 128,
507 3659 655 3726 Manilius
676 3659 700 3739 Ι,
725 3659 784 3724 173
794 3659 828 3742 ¹).

348 3769 378 3834 Α
399 3768 554 3836 schemate
566 3766 643 3849 Pus
665 3768 803 3834 subtraxi
827 3785 949 3834 versum
974 3769 1011 3832 13
1033 3786 1059 3833 1.
1074 3767 1114 3848 ΙΙ,
1139 3769 1158 3832 9
1180 3769 1233 3836 ubi
1253 3770 1339 3853 post-

170 3926 173 3932 .
202 3889 207 3900 ’
251 3895 345 3958 quam
377 3876 477 3942 lavari
508 3875 688 3942 aBriseida
708 3876 864 3942 Achillem
896 3876 1053 3942 mortuum
1086 3877 1248 3942 narratum
1282 3879 1337 3960 est,

249 3985 402 4070 pergitur:
435 3984 695 4068 Iloedavitque
718 4003 841 4050 comas
861 3986 898 4050 et
917 3986 1015 4052 tanti
1037 4004 1172 4068 corpus
1193 3987 1338 4053 Achilli

350 4171 376 4242 1)
396 4170 507 4226 Adnoto
534 4171 570 4226 ni
586 4187 651 4241 -pro
677 4170 749 4226 uisi
778 4169 831 4226 etsi
856 4169 970 4240 optimis
994 4170 1102 4238 placuit
1127 4172 1227 4240 poetis,
1255 4171 1338 4226 etiam

216 4317 217 4320 ,
249 4267 403 4324 tardissimo
426 4267 467 4322 illi
485 4269 533 4338 qui
558 4285 592 4323 ex
610 4267 863 4324 Herculanensibus
883 4267 972 4322 ruinis
996 4267 1102 4338 prodiit
1120 4267 1195 4337 apud
1213 4267 1338 4322 Riesium

249 4365 281 4420 A.
300 4365 330 4418 L.
349 4364 383 4419 N.
400 4366 463 4448 182,
482 4381 538 4420 non
556 4369 667 4420 exstare
685 4365 759 4435 apud
778 4364 956 4435 Propertium
974 4369 1086 4434 praeter
1105 4365 1127 4430 1,
1145 4367 1171 4432 9,
1190 4366 1232 4420 db
