3158 4940
779 446 819 510 19

246 628 350 710 quarti
371 626 456 708 podis
478 627 666 692 condicionis
691 629 782 711 gnari
803 629 868 694 iam
891 629 967 694 olim
989 629 1117 694 luerunt
1145 628 1268 694 librarii
1290 629 1344 710 qui

244 734 472 816 transponendo
495 735 628 816 plenus
643 754 726 799 cum
748 735 911 819 languet
932 736 1268 802 amatorscribebant
1288 755 1343 818 pro

244 861 327 906 cum
352 843 491 923 plenus
513 843 679 926 languet
702 845 851 910 amator
873 845 1005 925 similia;
1027 846 1060 908 in
1075 863 1168 927 quam
1190 864 1255 910 rem
1273 863 1344 910 eum

244 953 315 1034 post
337 951 515 1016 Bentleium
536 952 589 1033 (ad
612 953 689 1017 Hor.
713 954 751 1017 A.
774 954 812 1018 P.
833 955 909 1037 260)
931 954 962 1018 et
985 954 1227 1037 Onningamium
1250 954 1343 1020 nimis

245 1062 358 1124 temere
380 1060 538 1142 gerentem
561 1059 652 1143 (Hor.
675 1062 832 1128 animadv.
854 1081 904 1145 pg.
927 1063 968 1126 34
990 1061 1070 1144 sqq.)
1100 1061 1272 1127 Meinekins
1292 1063 1342 1127 at·

243 1168 380 1234 11111111
400 1168 461 1250 (ed.
479 1168 594 1233 Horati
611 1169 739 1234 alterius
760 1169 856 1250 praef.
878 1189 930 1253 pg.
942 1169 1073 1252 XXIII),
1097 1170 1222 1252 singule
1236 1170 1342 1234 tamen

244 1295 306 1340 uon
328 1294 426 1359 aequo
448 1277 527 1344 Jove
549 1277 672 1342 videtur
700 1277 837 1342 iudicare
850 1278 884 1358 ¹).
928 1279 973 1342 De
995 1277 1095 1360 primo
1126 1279 1201 1360 pede
1222 1278 1342 1360 ahquid

244 1385 326 1449 certe
358 1386 453 1450 sensit
476 1375 643 1451 Muellerus
676 1385 742 1468 (pg.
766 1384 860 1466 209);
896 1386 1040 1451 Lehrsius
1061 1387 1165 1451 autem
1196 1405 1274 1467 qnae
1309 1386 1342 1450 in

243 1492 481 1572 Quaestionibns
493 1491 596 1574 IIpIcis
611 1511 662 1575 pg.
676 1493 737 1556 305
752 1492 790 1557 de
805 1511 932 1558 caesura
950 1493 1019 1574 post
1034 1492 1170 1574 primum
1182 1493 1341 1576 dactylum

243 1617 315 1664 cum
336 1600 453 1665 maiore
486 1619 583 1681 pausa
610 1601 695 1665 facta
718 1601 876 1666 subtiliter
895 1601 1027 1680 monuit,
1064 1619 1125 1665 non
1158 1601 1205 1664 ita
1225 1618 1341 1683 magno

243 1726 314 1772 cum
336 1708 560 1773 frustulatim
581 1710 704 1774 extendi
722 1709 820 1774 video.

342 1818 411 1881 Iam
434 1835 483 1882 me
505 1817 559 1898 qui
580 1817 720 1898 sequiI-ur
733 1817 923 1898 exspectabit
946 1819 985 1882 et
1006 1835 1070 1900 per
1090 1818 1209 1882 totam
1231 1807 1336 1880 litte·

243 1943 372 1988 rarum
405 1925 624 1990 latinarum
657 1925 867 1989 historiam
898 1925 1099 1990 molestias
1134 1923 1232 1988 illas
1264 1923 1341 1988 for-

243 2047 388 2094 marum
421 2030 723 2110 spondiacarum
746 2032 790 2096 ab
820 2032 1182 2115 inelegantioribus
1212 2033 1339 2113 magis

243 2137 409 2201 admissa
431 2155 521 2216 esse,
546 2141 669 2222 magis
685 2141 816 2207 vitata
832 2143 875 2207 ab
897 2141 1053 2224 optimis
1074 2141 1207 2224 poetis,
1229 2141 1284 2205 ita
1299 2142 1341 2204 ut

246 2245 351 2308 inter
371 2245 580 2311 nobiliores
602 2249 701 2314 certe
721 2249 840 2314 fuerIt
865 2250 977 2314 etiam
1011 2248 1139 2332 aliqua
1170 2267 1340 2332 progres-

243 2353 366 2417 sionis
388 2371 453 2434 per
475 2356 633 2420 saecula
655 2358 906 2438 continuatio,
940 2358 976 2422 et
1007 2358 1202 2440 poetarum
1225 2375 1338 2422 unum

242 2479 420 2544 quemque
452 2464 520 2527 hau
552 2464 588 2528 in
611 2483 648 2529 re
678 2468 819 2531 certam
841 2485 944 2531 suam
965 2467 1134 2531 secutum
1151 2484 1234 2530 esse
1254 2484 1336 2530 con·

241 2570 491 2648 suetudinem,
513 2589 573 2652 qua
596 2589 686 2635 suum
719 2572 880 2655 Ingenium
910 2572 1091 2654 expresserit
1122 2559 1274 2653 facileque
1297 2572 1337 2636 ab

240 2677 311 2742 aliis
343 2679 581 2756 internoscatur,
613 2679 687 2743 nisi
708 2679 809 2744 forte
829 2681 951 2762 ipsum
975 2699 1040 2761 per
1061 2681 1182 2744 certos
1199 2679 1337 2762 gradus

240 2786 455 2852 emendasse
477 2789 602 2851 artem
628 2807 737 2852 suam
760 2790 1051 2871 comprobetur.

341 2894 481 2974 Quocum
503 2896 618 2976 optIme
640 2897 818 2978 quaestio
843 2898 1049 2979 coniungetur
1069 2897 1110 2960 de
1133 2915 1203 2960 usu
1225 2897 1336 2961 hera-

240 3003 364 3066 metri
386 3003 596 3084 tripartiti
630 3005 677 3084 (in
697 3024 758 3087 quo
780 3023 842 3068 non
862 3007 964 3086 potest
984 3004 1128 3070 videlicet
1149 3005 1244 3070 incidi
1266 3008 1335 3087 post

241 3111 387 3194 quartum
411 3111 528 3193 pedem,
551 3132 613 3176 non
635 3112 713 3176 solet
734 3114 804 3194 post
827 3111 988 3194 primum);
1019 3113 1070 3176 bic
1089 3113 1172 3177 enim
1193 3114 1266 3194 quia
1288 3115 1335 3178 vi·

241 3220 388 3284 vidiorem
410 3219 550 3284 animum
576 3221 674 3301 spirat
697 3220 861 3301 minusque
883 3218 1064 3302 simplicem,
1097 3239 1219 3284 versum
1242 3221 1335 3286 semel

238 3328 371 3391 incisum
387 3327 413 3391 si
428 3345 598 3409 comparas,
620 3327 664 3391 ab
686 3327 762 3392 alio
785 3327 919 3405 rarius,
942 3328 988 3392 ab
1008 3327 1084 3392 alio
1100 3327 1334 3409 frequentius

240 3436 485 3500 carminibus
506 3436 714 3500 intexatur
735 3455 895 3500 necesse
917 3438 989 3501 est.

338 3541 477 3626 Denique
500 3543 596 3626 ipsius
619 3543 775 3626 tripart'ti
796 3543 967 3608 hexametri
987 3544 1134 3626 quoniam
1156 3545 1270 3627 species
1285 3545 1333 3610 Ill

237 3651 368 3732 speciem
391 3651 424 3716 II
458 3651 549 3716 facile
578 3653 704 3734 superat
737 3651 903 3734 elegantia,
936 3652 1032 3718 etiam
1063 3653 1102 3718 in
1132 3653 1331 3719 secundae

238 3852 345 3915 septem
356 3847 510 3918 semipedes
528 3849 557 3902 in
570 3848 680 3904 deliciis
699 3854 760 3904 erat
772 3849 817 3920 (of.
827 3851 920 3922 Klapp
930 3851 1004 3907 Bem.
1024 3853 1093 3907 iiber
1112 3851 1332 3922 dieHephthem.

238 3959 285 4012 pg.
304 3943 342 4012 5),
369 3944 423 3998 vim
443 3945 623 3999 secundariae
642 3963 775 4001 caesurae
799 3964 861 4001 cum
889 3948 1025 4016 prImeria
1046 3965 1166 4016 aequare
1183 3950 1333 4002 voluerunt

236 4041 345 4106 poetae.

339 4133 364 4202 1)
382 4133 452 4188 Nam
481 4135 510 4189 in
528 4136 628 4191 Horati
652 4136 708 4191 Sat.
727 4137 748 4205 1,
769 4138 883 4192 1128
908 4139 1052 4208 litigantes
1078 4139 1172 4209 potius
1199 4146 1331 4194 accentus

237 4228 370 4284 duritiem
389 4231 513 4306 produnt
530 4238 560 4288 et
576 4235 700 4302 laborem
722 4240 823 4289 contra
840 4234 932 4304 1111,
952 4237 979 4298 4,
996 4238 1032 4290 20
1050 4236 1152 4301 mollia,
1171 4251 1227 4288 non
1242 4235 1331 4290 ardua

237 4327 373 4382 illustrari
390 4327 452 4398 ipsa
469 4331 568 4396 poetae
586 4331 673 4384 verba
690 4329 865 4385 confirmant.
