3158 4940
788 443 827 509 16

259 623 295 688 ut
314 623 365 689 hic
388 625 441 708 qui
464 623 605 692 trimeter
628 627 801 711 dactylicus
812 629 1011 694 catalecticus
1035 631 1080 695 est
1102 651 1163 696 non
1185 650 1248 698 esse
1269 631 1355 699 side·

259 734 330 798 atur
345 735 405 799 nisi
421 737 560 802 eboricus
576 737 790 818 anapaesticus
806 737 859 818 qni
878 739 1084 818 praecesserat
1103 741 1353 807 transformatus,

260 841 383 906 Tibullo
398 843 497 925 igitur
511 843 538 908 si
560 861 648 909 nemo
666 845 801 908 crebrius
816 863 869 926 per
884 845 1020 927 quinque
1043 848 1181 912 membra
1196 851 1355 931 stropham

258 947 423 1014 distichain
436 951 588 1032 disposuit
601 953 623 1031 ¹)
645 951 709 1015 iam
732 951 901 1034 percipitur
920 953 995 1034 quid
1019 954 1046 1018 ei
1061 973 1171 1021 causae
1193 958 1353 1024 subfuerit.

259 1057 392 1124 Pulcher
416 1061 502 1152 enim
522 1058 650 1124 Ovidius
672 1061 722 1138 sit,
745 1061 843 1125 dulcis
865 1063 1048 1128 aestimatur
1071 1048 1222 1132 Tibullus.

358 1167 476 1231 Ennius
489 1186 558 1232 vero
582 1168 663 1232 unde
685 1169 846 1250 tripartita
862 1170 937 1234 haec
959 1190 1114 1236 assumere
1137 1174 1273 1254 potuerit
1295 1175 1354 1238 nisi

259 1294 405 1358 egraeco
429 1278 564 1358 exemplo
587 1295 649 1342 non
670 1274 766 1342 video.
812 1277 945 1343 Gravior
967 1279 1004 1343 de
1027 1281 1265 1360 semiquinariae
1287 1282 1355 1364 lege

259 1383 399 1464 quaestio
435 1385 574 1448 nascitur
585 1385 621 1466 ²).
663 1383 723 1449 Sed
755 1385 836 1449 enim
864 1384 1046 1450 Saturnium
1080 1407 1203 1452 versum
1234 1409 1294 1472 qno
1326 1391 1354 1454 is

258 1493 404 1556 utebatur
436 1492 489 1574 qni
524 1511 606 1570 „non
628 1492 705 1557 dicti
742 1494 897 1558 studiosus
931 1496 1017 1559 erat“
1053 1496 1120 1559 arte
1152 1515 1208 1561 sua
1239 1498 1355 1580 expulit

257 1600 391 1680 Ennius3
414 1600 581 1666 Saturnius
602 1602 669 1666 basi
679 1602 817 1683 praecisa
840 1621 896 1684 par
911 1603 1086 1668 hexametro
1100 1605 1146 1670 est
1168 1605 1355 1686 sinistraque

258 1711 345 1792 parte
374 1711 473 1774 rixam
504 1710 688 1773 accentuum
712 1709 870 1775 ostendere
892 1711 985 1786 sclet3
1019 1712 1104 1777 nulla
1127 1714 1232 1778 autern
1265 1715 1298 1776 in
1321 1733 1354 1778 re

259 1818 387 1882 metrica
409 1819 476 1883 tam
507 1819 630 1882 strenue
650 1818 832 1882 observatur
865 1819 912 1883 lex
935 1838 1029 1900 quam
1062 1820 1120 1884 hae
1142 1821 1221 1885 duae
1243 1821 1354 1903 quibus

259 1925 439 1990 Saturnii
472 1927 565 2008 caput
594 1926 749 2004 trochaeo,
786 1929 880 2008 caput
912 1927 1129 1992 hexametri
1161 1929 1354 2011 bipartiti

259 2036 425 2116 anapaesto
448 2035 646 2100 terminatur.
689 2035 803 2100 lllius
836 2035 963 2118 igitur
983 2036 1174 2118 duplicem
1202 2037 1353 2101 clausu-

257 2144 332 2208 lam
355 2143 589 2208 trochaicam
611 2162 743 2208 exosus
765 2143 908 2207 Ennius
931 2146 1019 2208 ante
1041 2145 1170 2209 thesin
1198 2145 1351 2209 tertiam

258 2252 417 2316 metrum
440 2251 593 2315 divellit
615 2251 860 2333 accentuumqne
884 2252 952 2316 ideo
975 2253 1075 2334 legem
1097 2253 1260 2317 stabilivit.

358 2359 497 2440 Denique
518 2357 665 2422 intimam
685 2359 831 2422 naturam
853 2360 1024 2440 expressuri
1042 2377 1240 2424 caesurarum
1260 2359 1352 2425 latini

257 2468 426 2533 hexametri
438 2465 476 2532 ad
491 2467 644 2549 imagines
665 2465 857 2548 refugiamus
878 2485 998 2532 necesse
1013 2469 1059 2532 est
1075 2469 1105 2532 et
1120 2469 1351 2533 translationes.

257 2577 365 2658 Neque
387 2575 468 2640 enirn
501 2579 561 2638 nori
586 2573 682 2638 oculis
713 2573 820 2638 aridire
849 2575 908 2639 sibi
932 2575 1116 2640 videbantur
1145 2577 1199 2658 qui
1225 2576 1352 2641 fundere

257 2703 381 2750 carmen
412 2684 534 2766 poetam
567 2683 711 2748 dicebant
733 2683 917 2766 fluitareque
947 2703 1073 2749 carmen
1112 2685 1232 2750 ludenti
1263 2707 1351 2753 versu

258 2811 442 2874 versumque
475 2811 540 2856 esse
573 2791 736 2873 liquidum.
779 2782 876 2856 Nobis
899 2811 1020 2874 quoqne
1052 2792 1078 2857 si
1100 2794 1201 2858 versui
1232 2797 1351 2878 aliquid

256 2902 392 2966 tribuere
410 2899 484 2965 licet
507 2899 654 2964 torrentis
676 2900 730 2981 qui
752 2899 887 2981 primum
908 2899 1029 2965 infestis
1052 2895 1185 2984 scopulis
1201 2905 1351 2968 coercitus

255 3000 408 3074 laboriose
430 3008 529 3072 undas
552 3007 658 3072 volvat
683 3007 714 3072 et
736 3008 854 3089 impetu
876 2998 982 3087 arduo,
1020 3028 1090 3074 mox
1121 3011 1226 3077 tamen
1248 3013 1351 3078 subito

256 3117 374 3181 fractus
396 3116 519 3181 desiliat
553 3115 753 3198 placidusque
775 3115 881 3180 exinde
913 3099 996 3182 laeta
1027 3119 1117 3199 prata
1149 3121 1351 3201 perambulet,

256 3225 385 3288 sensisse
406 3225 538 3289 fortasse
553 3224 725 3289 videbimur
747 3243 802 3289 cnr
823 3225 975 3290 laboriose
997 3245 1114 3309 semper
1135 3228 1231 3292 etiam
1252 3248 1351 3294 sermo

257 3352 410 3416 pugnasse
432 3333 542 3398 debeat
571 3335 738 3416 antequam
768 3334 936 3418 frangatur
968 3335 1124 3401 incisione.
1168 3336 1352 3419 Sequitur

258 3441 358 3504 utin
380 3441 512 3506 formis
535 3441 573 3506 Il
596 3443 634 3506 et
656 3443 714 3506 ΙΙΙ
736 3443 793 3508 vis
816 3445 966 3508 crescat
998 3463 1242 3510 caesurarum
1265 3462 1348 3507 curn

362 3665 389 3734 1)
407 3665 476 3720 Vide
495 3683 541 3736 pg.
562 3668 597 3720 48
615 3666 709 3720 adnot.
728 3670 753 3721 2.

359 3761 386 3832 2)
405 3762 519 3832 Semper
529 3763 708 3818 recordemur
716 3763 860 3820 electionis
872 3765 1030 3821 libertatem
1043 3767 1250 3822 interminatam
1260 3766 1351 3821 Ennio

256 3857 348 3912 luisse.
385 3859 434 3912 Cui
453 3860 477 3913 si
506 3863 612 3930 species
637 3860 794 3916 hexametri
813 3863 902 3933 magis
921 3865 1072 3932 placuisset
1100 3864 1168 3918 haec
1185 3880 1268 3934 quarn
1295 3879 1350 3916 non

256 3955 338 4008 semel
357 3955 508 4024 expressit:
526 3955 629 4010 Poste
647 3957 839 4012 recumbite
858 3962 1046 4028 vestraque
1065 3966 1212 4028 pectora
1227 3960 1351 4028 pellite

255 4051 376 4118 tonsis,
393 4052 517 4106 carmina
538 4053 630 4120 qualia
650 4054 771 4108 medium
793 4071 890 4108 aevum
909 4057 1059 4110 exercebat
1078 4054 1168 4109 Roma
1185 4055 1349 4124 accepisset;

255 4147 331 4200 velut
358 4147 387 4200 in
407 4148 530 4202 carmine
555 4147 660 4216 „Omne
678 4150 833 4204 Punctum“
862 4151 964 4204 saeculi
988 4151 1051 4205 xlv
1070 4152 1249 4205 cumulantur
1269 4151 1350 4203 huius

255 4245 375 4314 exempli
394 4244 507 4298 similia:
539 4244 613 4299 Non
640 4249 722 4315 pete
749 4245 897 4316 grandia
924 4246 1071 4317 largave
1098 4248 1253 4317 prandia
1281 4247 1351 4302 lita

256 4341 406 4412 repleta.
