3158 4940
745 459 783 526 15

217 645 418 713 arbitrantur.
450 643 536 710 Licet
557 646 638 710 enim
660 646 806 728 quartum
829 645 910 727 apud
933 641 1045 710 aetatis
1067 644 1232 729 argenteae
1252 646 1312 713 im-

217 755 324 837 primis
354 755 518 836 scriptores
547 754 755 836 praevaluerit
787 754 907 836 (tamen
929 754 1070 818 Martiali
1099 773 1161 819 non
1194 755 1329 838 placuit
1396 839 1397 846 ἵ

216 863 275 927 nisl
298 864 454 945 quintum)
474 863 568 944 atque
588 863 653 926 iam
673 863 707 926 in
730 864 903 928 carminum
930 863 1111 928 collectione
1134 864 1312 929 Tibulliana

216 971 379 1036 excluserit
400 970 567 1047 aemulum,
597 971 703 1035 tamen
726 969 856 1035 Ovidius
879 971 956 1036 artis
977 971 1068 1036 iudex
1090 972 1312 1037 subtilissimus

217 1071 421 1144 eam'omnino
443 1079 561 1160 respuit
583 1079 752 1144 hexametri
770 1079 911 1160 speciem,
935 1079 968 1142 in
990 1079 1101 1161 quinta
1123 1099 1213 1162 quem
1236 1081 1312 1146 satis

217 1189 351 1252 vidimus
373 1206 437 1252 esse
470 1188 672 1270 frequentem.
715 1188 798 1252 Nam
820 1188 858 1253 de
880 1167 1079 1252 Halieutioon
1113 1189 1249 1254 versibus
1273 1189 1310 1252 11

216 1297 246 1362 et
272 1298 331 1360 104
353 1314 408 1361 suo
430 1295 497 1360 loco
519 1295 745 1377 disputabitu13
767 1297 805 1360 de
819 1297 946 1361 Metam
962 1297 1022 1360 XV
1043 1297 1105 1360 504
1128 1295 1312 1360 credendum

215 1406 262 1469 est
273 1403 382 1468 Heinsi
405 1404 560 1469 codicibus
576 1403 729 1487 plerisque
741 1405 924 1486 quibuscum
934 1404 1120 1469 Hauniensis
1135 1404 1212 1468 facit
1230 1404 1312 1486 apud

216 1513 354 1576 Riesium
383 1512 459 1576 haec
487 1513 649 1593 praehens:
680 1513 889 1578 Damnavit
922 1514 1179 1596 meritumque
1201 1513 1312 1576 nihil

216 1621 330 1702 pater
362 1620 461 1684 eicit
492 1621 600 1684 urbe.
655 1621 715 1685 Vix
737 1621 819 1686 enim
852 1622 895 1686 ab
926 1621 1017 1686 urbe
1039 1621 1160 1687 eicere
1193 1620 1311 1684 latinae

215 1729 341 1810 linguae
363 1729 470 1810 aptum
503 1729 564 1804 est;
596 1728 802 1794 damnavit
833 1729 983 1811 exquisite
1015 1748 1069 1811 pro
1092 1727 1312 1794 accusavit

92 1833 95 1838 ’
216 1837 399 1918 usurpatur3
436 1836 568 1918 denique
589 1837 685 1902 nihil
718 1837 880 1901 meritus
904 1835 1147 1918 componendum
1171 1837 1218 1900 est
1241 1854 1309 1900 cum

215 1943 254 2007 iis
266 1963 344 2024 quae
359 1944 436 2008 dicit
447 1945 567 2010 Aeneas
585 1945 617 2008 in
630 1945 774 2009 Heroidis
787 1944 849 2009 VII
872 1964 900 2008 v.
915 1946 969 2008 69:
993 1944 1111 2025 Quid?
1130 1944 1238 2009 tanti
1253 1947 1312 2008 os?

216 2047 360 2115 Totum*
376 2052 507 2116 merui.
535 2050 769 2120 Concedite!
801 2052 852 2116 Ita
867 2052 948 2116 enim
971 2052 1053 2116 huno
1074 2051 1176 2117 locum
1196 2052 1311 2116 consti-

214 2160 338 2223 tuerim.
371 2159 514 2224 Ceterum
527 2159 597 2224 vide
608 2160 747 2223 Riesium
759 2159 798 2224 ad
811 2159 1132 2224 Transfermationum
1145 2179 1267 2226 versum
1278 2163 1311 2242 ¹).

313 2269 425 2333 Restat
446 2270 482 2332 ut
502 2287 738 2334 commemorem
760 2269 856 2334 etiam
878 2269 909 2332 in
932 2269 1032 2333 iorma
1056 2270 1083 2333 V
1105 2269 1185 2333 siout
1207 2269 1240 2332 in
1262 2269 1310 2334 III

215 2379 246 2441 et
267 2377 299 2440 ΙΙ
322 2395 383 2440 non
404 2377 530 2440 omnino
551 2375 639 2440 deese
660 2377 713 2440 uhi
733 2378 851 2458 primus
875 2395 927 2458 pes
949 2377 1148 2460 neglegenter
1171 2397 1233 2442 uno
1255 2397 1310 2442 vo·

215 2485 324 2550 cabulo
340 2481 532 2565 compleatur
544 2483 707 2567 dactylico,
731 2484 813 2549 hunc
834 2485 867 2547 in
890 2484 1030 2549 modum:
1052 2485 1202 2566 Aspicit
1221 2487 1225 2560 Ι
1244 2487 1309 2550 hos

214 2595 255 2657 ut
276 2594 379 2658 forte
400 2593 631 2674 pependerat
653 2592 802 2656 aethere
831 2593 962 2657 mater.
1004 2591 1212 2674 Spondiaoum
1238 2613 1309 2658 vero

213 2720 405 2783 summopere
440 2697 655 2762 iniucundum.
679 2698 800 2779 praeter
826 2697 1130 2763 inexercitatissimos
1152 2698 1310 2763 Catullum

215 2807 289 2884 (116
311 2826 340 2870 u.
364 2805 397 2887 7)
420 2807 451 2870 et
471 2805 648 2870 Ciceronem
662 2803 794 2868 Iliadem
814 2805 985 2870 vertentem
1006 2805 1213 2880 (deDivin.Il
1236 2805 1310 2886 §63

215 2933 243 2976 v.
266 2915 319 2995 24)
339 2934 401 2979 non
422 2913 527 2978 inueni
548 2913 608 2978 nisi
630 2912 712 2994 apud
732 2912 918 2978 Petronium
941 2915 1001 2995 (op.
1025 2916 1085 2978 119
1109 2934 1138 2978 u.
1161 2916 1224 2992 24).

314 3022 391 3102 Iam,
415 3022 541 3086 tandem
564 3022 599 3085 ut
620 3021 812 3086 revertamur
833 3021 872 3086 ad
894 3021 1035 3088 formas
1056 3023 1114 3088 ΙΙΙ
1136 3025 1172 3086 et
1193 3023 1240 3102 Il,
1262 3023 1310 3088 his

216 3131 358 3196 omnibus
389 3129 427 3195 de
447 3129 665 3195 trithemimeri
697 3129 852 3210 perpensis
882 3131 1113 3211 tripartitus
1144 3150 1207 3196 eas
1231 3149 1311 3196 esse

216 3238 386 3306 affirmabis
419 3239 535 3304 sedulo.
605 3238 690 3318 Quae
732 3237 795 3302 tres
832 3237 1010 3324 particulae
1044 3255 1105 3302 non
1143 3237 1308 3320 indignum

212 3349 259 3411 est
280 3348 364 3430 quod
385 3349 548 3413 moneatur
570 3365 664 3429 quam
686 3346 824 3410 suaviter·
854 3345 937 3410 inter
968 3365 1000 3412 se
1013 3346 1223 3427 ‘convenianh
1254 3347 1310 3411 ad-

213 3457 367 3538 augentur
382 3455 465 3520 enim
487 3455 609 3520 ambitu
633 3455 679 3518 ita
703 3454 739 3518 ut
761 3473 780 3518 a
801 3453 918 3536 triplici
937 3454 1089 3536 semipede
1111 3454 1151 3522 ad
1172 3454 1309 3537 quadru-

212 3563 298 3644 plum
320 3564 452 3646 indeque
473 3583 572 3646 aequo
600 3563 701 3646 gradu
722 3563 761 3627 ad
784 3561 1067 3644 quinquiplicatum
1100 3563 1309 3645 provehantur

211 3671 447 3755 ascenditurque
469 3673 549 3737 hano
582 3689 636 3753 per
657 3671 903 3754 progressionem
925 3671 1007 3752 apud
1036 3670 1187 3754 elegiacos
1209 3671 1249 3735 ad
1276 3671 1308 3734 id

211 3781 313 3862 ipsum
337 3782 606 3864 quantitatisque
633 3780 819 3862 pentametri
840 3781 963 3844 constat
992 3799 1063 3862 pars
1083 3781 1225 3862 utraque,
1262 3778 1308 3843 ita

314 3959 341 4028 1)
359 3959 438 4013 Libri
454 3959 491 4015 VI
509 3961 622 4014 Metam.
641 3977 667 4016 v.
686 3963 737 4014 201
757 3959 875 4014 Merhcli
893 3963 969 4014 certe
988 3959 1134 4014 lectionem
1154 3959 1226 4014 heac
1244 3975 1309 4029 pro·

209 4054 289 4110 babit
316 4073 412 4110 nemo:
443 4057 510 4124 Itc3
546 4059 703 4125 satisque
731 4057 1072 4126 superquelsecri13
1104 4055 1308 4124 laurumque

209 4152 500 4220 capillisPonite.
520 4153 611 4209 Libri:
632 4153 780 4208 ltesatis
799 4170 943 4222 propere
959 4153 1136 4221 sacriseqs.
1155 4151 1307 4221 Exspecto:

209 4249 359 4319 Infertis
388 4257 581 4320 properate
609 4250 727 4319 sacris,
757 4251 963 4320 laurumque
993 4250 1141 4321 capillis
1169 4250 1308 4315 Ponite.

208 4345 445 4418 Pergiturenim:
465 4348 653 4421 Deponunt
673 4351 881 4423 infectoque
900 4369 1000 4408 secra
1018 4351 1232 4424 relinquunt.
