3158 4940
781 375 821 452 1'2

256 563 436 650 depicturis3
459 571 595 636 ceterum
611 571 700 652 ineo,
723 573 749 638 si
765 573 986 656 quidomnino‚
1008 574 1193 657 semipedem
1205 574 1350 640 octavum

256 695 353 758 aequo
384 679 450 743 iure
474 699 510 744 ac
532 681 679 761 quartum
704 682 843 764 culpabis
865 684 905 748 ab
926 683 1125 750 antecedente
1154 702 1215 748 non
1237 674 1351 748 direm-

256 785 354 866 ptum.
400 787 448 852 Ne
469 808 540 853 xero
563 790 700 871 exempla
729 792 917 856 abscondam
940 793 1104 857 omittendi
1123 794 1197 857 sunt
1227 793 1352 858 infimae

256 894 348 960 notae
370 899 477 976 poetae
499 899 675 965 Lucilius
697 899 833 966 Cicero
866 903 962 984 (apud
984 903 1065 966 hunc
1096 901 1230 982 septiens
1251 902 1351 967 forma

260 1000 325 1080 VI),
349 1025 446 1088 nequo
468 1008 648 1091 diligentior
670 1011 875 1076 Lucretius
898 1011 965 1094 (qui
986 1011 1060 1076 licet
1082 1011 1115 1075 in
1137 1011 1246 1092 quinto
1271 1012 1352 1076 libro

257 1119 367 1196 quater
387 1119 513 1184 tantum
535 1120 683 1185 exhibeat
696 1122 727 1186 f..
741 1122 795 1200 Vl,
819 1122 853 1186 at
874 1122 937 1186 f.V
958 1123 1074 1187 viciens
1097 1122 1223 1200 octiens,
1246 1122 1352 1186 tamen

257 1227 333 1291 alibi
356 1228 443 1308 peius
467 1228 547 1310 egit:
568 1229 601 1292 iu
623 1228 702 1294 libro
725 1231 770 1294 VI
792 1231 893 1295 forma
915 1231 999 1296 sexta
1022 1231 1195 1308 undeciens
1217 1231 1249 1294 in
1272 1231 1352 1295 libro

257 1337 272 1399 Ι
294 1337 426 1417 septiens
450 1373 488 1380 -
511 1357 609 1419 neque
630 1339 663 1401 in
685 1339 744 1403 hac
765 1338 831 1403 sola
854 1358 885 1403 re
904 1339 1081 1404 Lucretium
1106 1339 1255 1404 abEunio
1271 1340 1353 1404 vinci

257 1445 385 1526 posthac
405 1446 482 1510 satis
505 1446 719 1526 comparebit).
763 1448 869 1511 Bonus
890 1447 941 1511 hic
963 1448 1053 1512 Aeci
1077 1449 1265 1514 hexameter:
1290 1449 1354 1514 Oa-

258 1555 364 1620 lones
389 1557 604 1638 famulique
626 1557 863 1640 metallique
887 1557 1127 1640 casulaeque.
1163 1556 1353 1622 Catullus

258 1664 305 1727 bis
337 1665 438 1746 legem
463 1665 613 1748 migravit
627 1668 667 1743 1);
700 1666 828 1748 quintae
850 1668 953 1730 autern
987 1667 1105 1732 formae
1137 1667 1353 1749 adscripserim

259 1792 381 1836 uersum
407 1774 466 1837 los
489 1773 635 1838 carminis
649 1775 690 1837 64
713 1775 766 1856 qni
786 1774 818 1838 in
830 1775 999 1840 Veronensi
1022 1775 1068 1840 ita
1089 1776 1207 1840 exstat:
1231 1775 1353 1840 Prona

260 1881 366 1944 cadit
397 1881 552 1963 lateque
576 1882 762 1947 tumieius
789 1883 901 1948 obvia
924 1883 1119 1965 frangens.
1163 1882 1247 1946 Male
1278 1883 1354 1946 haee

259 1989 425 2054 seeundum
445 1990 679 2055 Lachmannum
701 1991 764 2074 legi
784 1992 883 2056 solent
904 1991 1071 2067 adornata;
1093 1991 1201 2074 pinus
1224 1991 1304 2068 enirn
1328 1991 1354 2053 si

260 2096 376 2162 dicitur
398 2117 512 2182 prona
535 2099 669 2164 cadere
690 2100 770 2164 late
793 2102 905 2182 quast
927 2100 1093 2180 impetus
1115 2099 1228 2164 obvia
1251 2099 1354 2164 fran-

260 2224 361 2288 gens,
382 2207 513 2270 nimium
533 2207 566 2270 in
588 2207 636 2272 his
661 2207 822 2272 artificiosi
843 2207 955 2289 uixque
978 2208 1060 2290 quod
1083 2207 1180 2289 possit
1200 2207 1354 2288 intellegi3

261 2332 333 2394 que
355 2316 460 2378 autern
483 2316 631 2397 quoniam
648 2316 786 2382 traditur
807 2317 842 2379 ut
857 2316 980 2396 copulet
997 2315 1175 2398 frangens
1190 2315 1221 2380 et
1238 2334 1353 2396 prona

261 2423 393 2503 postulo.
429 2423 515 2488 Haeo
537 2424 600 2488 fere
621 2424 709 2488 erant
732 2423 863 2488 Catulli:
897 2423 974 2487 Illa
996 2425 1130 2504 procul
1153 2423 1355 2488 radicitus

261 2531 470 2596 exturbata
491 2531 612 2596 Prona
635 2531 738 2598 cadit
760 2532 916 2614 lateque
938 2532 1091 2596 raiacis
1113 2531 1233 2597 obvia
1257 2532 1356 2596 fran-

261 2657 348 2720 gens
361 2641 396 2720 ²).
434 2639 552 2705 Ruinas
573 2640 656 2704 enim
678 2640 810 2706 attribui
833 2639 954 2704 cadenti
978 2640 1031 2722 qui
1052 2639 1173 2704 novemb
1195 2640 1355 2720 poetarum

363 2825 389 2894 1)
408 2824 439 2877 In
460 2843 502 2878 vv.
522 2826 564 2892 cl,
595 2827 655 2880 218.
675 2828 737 2880 232.
756 2827 817 2880 395.
837 2827 880 2889 68,
900 2825 934 2880 89
963 2825 1093 2878 nimirum
1122 2825 1225 2894 duplex
1243 2841 1356 2878 caesura

261 2921 406 2974 statuenda
424 2925 474 2975 eet.
518 2991 520 2996 ,
1084 2987 1086 2990 Ι

361 3018 389 3083 2)
410 3015 547 3071 Turbavit
565 3016 712 3070 librarium
726 3016 917 3085 diphthongus
937 3019 966 3072 ei
978 3018 1053 3086 quod
1072 3018 1145 3072 idem
1164 3016 1267 3071 accidit
1288 3035 1311 3071 c.
1322 3016 1357 3070 66

261 3131 287 3166 v.
308 3113 350 3166 59.
396 3112 450 3166 Hie
477 3112 550 3165 enim
579 3112 659 3166 unice
688 3129 781 3166 veram
801 3112 908 3181 Haupti
937 3113 1125 3168 coniecturam
1144 3112 1277 3166 Arduei
1305 3129 1357 3181 pro

262 3207 428 3262 Hidiiuen
447 3207 574 3262 codicum
593 3207 731 3276 plerisque
750 3207 925 3276 displicuisse
944 3208 1033 3262 doleo.
1072 3209 1151 3262 Certe
1169 3207 1302 3262 Herrore
1320 3207 1333 3260 f
1348 3237 1358 3246 ·

262 3303 369 3358 eillimo
389 3302 620 3358 exAmaiuscula
639 3305 764 3358 nascitur
782 3304 870 3358 hastis
885 3303 1004 3373 obliquis
1021 3305 1050 3358 in
1065 3305 1157 3372 capite
1176 3321 1273 3372 parum
1292 3321 1356 3358 con·

263 3401 340 3468 fixis3
370 3401 410 3454 sie
438 3417 528 3468 nuper
554 3401 583 3454 in
601 3385 732 3454 Lactanti
752 3403 800 3470 qui
828 3401 919 3455 fertur
937 3401 972 3454 de
995 3418 1046 3456 ave
1064 3401 1201 3462 Phoenice
1217 3401 1358 3454 carminis

263 3515 287 3551 v.
310 3497 361 3550 133
383 3495 549 3550 Ritschelius
569 3497 711 3566 ingeniose
731 3514 764 3550 ex
782 3497 905 3550 Harum
926 3497 1021 3551 elicuit
1033 3496 1180 3564 Marum,
1198 3495 1247 3550 ubi
1265 3497 1294 3550 in
1308 3496 1359 3551 hac

262 3591 382 3646 lectione
401 3589 560 3659 acquiesco:
580 3590 719 3644 Alarum
736 3606 865 3660 pennas
883 3589 1024 3658 insigne
1043 3592 1094 3642 est
1114 3587 1266 3656 desuper
1284 3587 1360 3656 Iris,

264 3687 347 3742 modo
366 3691 430 3756 post
450 3687 516 3741 Iris
544 3687 762 3758 interpungatur
782 3687 826 3757 (de
845 3685 919 3740 Iride
938 3683 974 3739 ci.
993 3703 1016 3739 e.
1035 3702 1063 3754 g.
1082 3685 1187 3737 Aaron.
1206 3683 1275 3736 Mos,
1297 3686 1358 3738 111.

271 3781 592 3854 Claudian.Epigr.10);
612 3783 685 3838 idem
704 3785 834 3837 mendum
848 3783 911 3836 inv.
922 3781 957 3834 28
976 3779 1099 3834 eiusdem
1118 3779 1257 3847 carminis,
1277 3797 1359 3848 quem

265 3878 313 3948 qui
332 3896 420 3948 nuper
444 3879 577 3933 tractavit
596 3877 726 3931 Goetzius
750 3877 900 3946 ignorabat
920 3874 1040 3943 exprimi
1067 3871 1244 3927 tritissimum
1267 3872 1359 3927 locum

266 3975 375 4044 Vergili
402 3974 444 4044 (A.
464 3975 501 4028 vl
521 3975 573 4028 274
601 3975 673 4041 sqq.)
701 3971 853 4041 repetitum
883 3970 938 4023 iam
962 3969 1065 4024 aSilio
1091 3969 1178 4038 (Xlll,
1207 3971 1258 4026 579
1281 3971 1358 4040 sqq).

184 4117 187 4122 .
266 4073 431 4142 Comparate
453 4075 545 4125 eutem
564 4068 688 4138 Vergilio
709 4067 849 4122 evincitur
868 4067 919 4121 sub
937 4069 1048 4120 metus
1072 4083 1128 4120 non
1146 4085 1228 4136 posse
1247 4067 1360 4121 subesse

265 4187 381 4238 nomen;
401 4167 474 4223 enim
493 4183 559 4221 vero
578 4153 706 4235 quoniam
726 4169 755 4218 et
773 4165 802 4218 in
820 4162 999 4233 praecedenti
1018 4162 1138 4218 disticho
1156 4167 1185 4218 et
1208 4163 1237 4217 in
1263 4163 1360 4217 subse·

268 4265 365 4336 quenti
388 4264 504 4318 verbnm
523 4261 614 4329 (adit,
643 4262 749 4330 abest)
774 4263 873 4329 exstat,
900 4260 940 4315 ita
959 4261 1066 4315 scribo:
1089 4261 1157 4316 Nec
1175 4261 1294 4314 scelus
1314 4259 1360 4313 in·
