3158 4940
782 417 822 480 31

253 604 390 670 sodalem
422 602 530 684 (atque
550 621 616 667 rem
638 620 687 666 me
709 600 829 666 credere
856 596 1165 682 133333313133311),
1199 598 1347 662 3333133

251 731 345 778 33333
366 710 571 776 reconditiora
593 709 700 774 nostro
722 709 790 774 loco
821 707 903 771 inter
926 708 1065 770 mortuas
1087 705 1228 770 heroidas
1251 705 1345 770 311333

250 819 371 902 Phyllis
392 817 702 882 commemorabatur.
1050 785 1068 826 ⁰

348 927 417 991 Iam
446 943 519 990 uero
541 925 720 1006 Propertius
748 941 938 1006 quamquam
969 921 1034 986 eius
1063 921 1140 988 artis
1169 923 1346 1004 porcarios

249 1035 365 1118 gradus
386 1033 551 1100 manifesto
575 1033 793 1099 emendatioris
813 1031 993 1097 testimonia
1014 1031 1081 1095 tam
1095 1032 1218 1113 copiosa
1229 1029 1346 1112 vidisti,

249 1146 355 1210 tamen
384 1163 422 1208 33
454 1159 537 1207 3333
566 1143 691 1224 quidem
719 1143 824 1207 omnia
853 1160 910 1206 333
940 1140 1094 1205 scrutanti
1125 1141 1346 1222 suppeditavit.

250 1251 377 1318 Dudum
398 1253 445 1316 ost
467 1251 548 1315 enim
570 1251 821 1316 animadversum
848 1250 1012 1331 primum
1034 1251 1114 1314 eius
1146 1250 1284 1314 librum
1307 1270 1346 1315 33

249 1360 445 1442 praeclare
467 1379 642 1441 superare
664 1359 835 1440 reliquos
855 1358 951 1440 quod
970 1359 1008 1422 in
1023 1377 1061 1422 eo
1081 1358 1194 1424 soloe
1217 1357 1347 1422 formis

249 1469 518 1551 incompositis
548 1468 744 1534 abstinuit
775 1467 911 1549 quibus
935 1466 987 1530 IV
1009 1467 1038 1530 V
1060 1467 1111 1530 VI
1144 1465 1255 1548 sigla
1282 1465 1346 1530 ad-

135 1557 147 1580 ⁶
249 1576 453 1658 pinximus.
497 1575 707 1657 Reporiuntnr
728 1576 834 1640 autem
852 1574 929 1638 locis
952 1575 1016 1638 his:
1037 1575 1079 1654 II,
1098 1576 1125 1653 1,
1148 1574 1198 1638 51.
1218 1573 1279 1647 ΙΙΙ,
1297 1573 1344 1650 15,

249 1684 300 1747 43.
324 1684 436 1758 aaz-31.
458 1685 509 1762 31,
532 1684 582 1748 sa.
605 1665 657 1764 33,
677 1685 707 1748 3.
721 1685 771 1748 33.
795 1684 849 1762 iv,
872 1685 903 1764 3,
923 1683 972 1748 25.
996 1685 1024 1761 3,
1037 1684 1098 1774 33..
1113 1684 1161 1761 n,
1185 1684 1235 1746 33.
1258 1683 1296 1762 v,
1318 1682 1345 1760 1,

249 1793 300 1856 63.
322 1795 350 1871 7,
372 1792 423 1856 41.
445 1793 474 1869 8,
503 1793 552 1856 61.
577 1793 624 1872 10,
649 1793 696 1857 17.

348 1900 461 1964 Itidem
486 1900 540 1982 331
561 1900 677 1965 iustam
704 1901 796 1982 plane
828 1919 969 1964 normam
992 1899 1142 1964 excedunt
1163 1917 1284 1964 versus:
1306 1897 1347 1981 II,

250 2011 279 2088 6,
301 2010 352 2073 29.
376 2009 405 2085 9,
426 2009 455 2072 9.
477 2008 536 2085 ΠΙ,
558 2007 606 2086 14,
631 2013 658 2071 3.
685 2009 732 2087 17,
757 2009 805 2071 11.
827 2008 882 2087 IV,
910 2009 957 2086 14,
979 2009 1006 2072 7.
1031 2008 1068 2086 V,
1093 2009 1122 2087 7,
1144 2008 1173 2072 5.
1194 2009 1223 2086 8,
1246 2009 1297 2072 63.

252 2193 256 2196 ,
347 2116 462 2180 Itidem
482 2115 589 2197 pedem
610 2115 779 2179 secundum
800 2114 955 2197 dactylico
977 2114 1252 2180 vocabulovitiose
1273 2134 1347 2180 con-

250 2226 371 2289 clusum
392 2222 612 2305 semiquinaria
636 2241 763 2286 onosma
785 2223 931 2304 sequente
952 2223 991 2286 in
1015 2223 1180 2288 alterum
1202 2223 1349 2288 demum

249 2331 390 2395 librum
412 2330 593 2412 Propertius
613 2330 723 2394 intuht
745 2330 787 2412 (3,
814 2329 865 2410 11)
888 2331 982 2412 inque
1003 2331 1133 2395 tertium
1154 2329 1219 2415 (24,
1247 2334 1307 2411 19).

347 2439 458 2520 113333
480 2439 571 2520 poeta
592 2475 632 2484 —
654 2439 718 2502 alia
741 2439 788 2502 331
804 2439 892 2502 enim
905 2439 982 2503 artis
1004 2440 1180 2523 integritas,
1203 2441 1265 2506 alia
1287 2442 1348 2506 ele·

249 2547 358 2629 gantia
381 2581 420 2591 -
442 2547 523 2610 hanc
542 2546 575 2610 in
597 2547 773 2611 hexametro
796 2546 959 2628 pangendo
981 2548 1082 2629 magis
1117 2549 1279 2632 magisque
1300 2551 1348 2614 lo-

249 2656 351 2734 vehat,
383 2654 471 2718 illam
495 2654 597 2718 subito
625 2653 694 2734 post
716 2653 894 2718 absolutum
916 2655 1031 2718 librum
1065 2655 1199 2736 primum
1223 2658 1346 2722 abiecit.

249 2763 300 2826 Ad
320 2762 402 2844 quod
425 2762 499 2844 quid
522 2761 583 2826 luit
605 2779 718 2842 333333
739 2762 815 2824 1333
837 2762 985 2843 temporis
1001 2781 1097 2844 quare
1118 2763 1202 2828 trahi
1223 2753 1347 2847 posset?

251 2872 340 2936 Talia
363 2871 444 2935 enim
466 2871 493 2934 si
515 2870 595 2934 forte
609 2869 727 2947 fierent,
749 2871 942 2935 balbutirent
963 2871 986 2934 ii
1010 2872 1063 2953 qui
1078 2872 1187 2936 doctae
1209 2892 1240 2936 se
1262 2873 1348 2954 lyrae

250 2979 389 3043 sollertes
411 2979 583 3044 iactabant.
629 2978 678 3042 An
702 2997 717 3041 e
754 2978 813 3041 hoc
834 2978 915 3042 forte
941 2979 1055 3044 accidit
1077 2980 1114 3042 31
1136 2981 1272 3061 primum
1293 3001 1348 3045 vo-

249 3089 354 3152 lumen
377 3087 630 3168 „monohiblum“
654 3087 745 3150 Tullo
763 3086 936 3169 legeremus
953 3087 1092 3151 dicatum
1115 3088 1296 3170 nullamque
1316 3089 1350 3154 in

250 3213 285 3258 eo
306 3195 497 3262 Maecenatis
517 3196 714 3275 mentionem,
743 3195 910 3260 secundnm
934 3196 1087 3260 ordiretur
1108 3217 1128 3262 a
1149 3197 1349 3262 Maecenate?

251 3302 469 3368 AMaecenate
491 3303 730 3368 consentaneum
752 3303 798 3366 331
820 3321 882 3366 333
896 3302 996 3367 multo
1011 3305 1081 3385 post
1102 3304 1219 3370 editam
1240 3322 1349 3368 mono·

249 3410 369 3475 biblum
391 3410 475 3475 domi
499 3411 700 3492 Propertium
730 3429 795 3474 esse
825 3412 1002 3492 acceptum3
1037 3412 1121 3478 edita
1143 3413 1218 3478 haec
1241 3412 1347 3478 eodem

250 3517 313 3582 fero
339 3519 477 3601 tempore
486 3522 511 3601 1)
544 3538 605 3601 333
627 3519 748 3601 Vergili
771 3517 923 3601 Georgica
952 3539 1031 3603 quae
1062 3521 1137 3585 anui
1168 3522 1241 3610 3331
1269 3521 1348 3584 725:

351 3740 378 3810 1)
397 3738 492 3794 Simile
519 3741 601 3796 huius
629 3741 703 3797 inter·
727 3747 825 3812 poetae
844 3742 960 3796 Latinos
986 3741 1220 3796 denominationis
1249 3745 1282 3796 31
1308 3743 1349 3796 113

251 3833 341 3888 dicam
352 3837 510 3905 exemplum
518 3841 603 3906 31333
613 3837 717 3892 clarius
726 3837 844 3892 13313333
853 3837 912 3890 fore
923 3854 1003 3906 spero
1014 3838 1109 3890 313113
1121 3837 1184 3892 1333
1194 3837 1348 3894 exhibeam.

350 3931 376 4002 2)
397 3933 478 3987 Certe
497 3951 569 3988 3333
579 3934 638 3988 fere
657 3936 711 3990 724
729 3951 807 3988 amor
818 3932 953 4002 Cynthiae
966 3935 1066 4002 coepit.
1095 3934 1210 3988 Editum
1227 3935 1350 4004 primum
1446 3945 1454 3960 ·

250 4025 354 4082 librum
372 4027 567 4084 Lachmannus
595 4029 648 4098 (ed.
669 4029 745 4100 Lips.
771 4046 817 4098 pg.
837 4028 951 4098 XXVll)
978 4045 1051 4084 3333
1070 4029 1185 4084 725331
1204 4030 1349 4084 72633131-

250 4124 352 4192 tratur,
381 4123 431 4177 alii
458 4124 629 4194 aliquantum
658 4125 814 4180 discedunt.
851 4125 991 4182 Accnratc
1009 4131 1118 4196 tempus
1144 4125 1174 4180 ni
1193 4125 1275 4180 131133
1293 4144 1349 4181 333

250 4221 345 4286 potest
362 4215 474 4272 definiri
493 4235 529 4272 33
547 4223 614 4288 post
632 4235 664 4274 33
682 4219 795 4288 quidem
814 4236 884 4288 quae
903 4219 1056 4289 disputavit
1068 4220 1274 4278 Luctiohanncs
1292 4222 1310 4277 l.
1329 4221 1348 4278 1.

250 4331 297 4384 pg.
307 4316 342 4368 76
360 4331 421 4384 333.
445 4314 515 4370 Nam
532 4315 606 4383 quod
624 4333 736 4370 carmen
744 4315 793 4382 Ill,
814 4318 847 4370 10
865 4319 928 4384 post
946 4317 1092 4386 expulsum
1103 4318 1213 4374 demum
1224 4335 1347 4378 amorem
