3158 4940
716 419 796 493 ·17

231 611 374 677 ambitu
395 612 553 676 metrico
577 630 647 694 quo
680 613 989 694 praeparantur.
1041 612 1156 678 Eadem
1188 609 1326 696 imagine

229 719 267 784 ad
288 719 447 800 stropham
471 719 676 801 elegiaoorum
699 719 856 800 adplicata
878 739 932 801 pro
954 720 1038 802 opico
1053 740 1143 787 vorsu
1163 724 1324 788 aeternum

229 827 337 892 fluenti
359 846 440 908 aqua
460 827 597 890 cernitur
617 826 753 908 undique
775 827 946 910 intercepta
967 829 1043 910 ripis
1064 830 1177 912 quippe
1198 849 1269 895 curn
1291 831 1325 896 in

229 933 289 1000 fine
310 934 423 999 iterum
446 953 564 1016 semper
586 935 675 1016 quasi
697 936 807 1018 surgat
829 935 929 1001 oratio
949 935 1112 1020 frangente
1135 956 1270 1004 caesura.

329 1041 388 1108 Sed
409 1043 516 1108 inania
540 1043 665 1125 captare
685 1042 800 1107 videor.
845 1043 962 1108 Tamen
984 1045 1023 1109 ad
1052 1063 1117 1109 rem
1146 1047 1326 1112 historicam

231 1169 347 1233 nequeo
369 1151 531 1233 procedere
552 1151 645 1215 antea
667 1169 762 1232 quam
784 1151 818 1214 in
840 1152 1112 1217 observatione
1132 1153 1210 1220 alia
1230 1156 1327 1220 simus

231 1259 355 1324 morati.
396 1259 501 1341 Atque
521 1259 558 1322 ut
579 1259 618 1323 ab
640 1259 785 1340 exemplo·
798 1259 951 1342 singulari
972 1259 1212 1341 proficiscamur,
1236 1264 1327 1328 scri-

231 1369 322 1450 ptor
345 1367 492 1433 Culicis
517 1368 684 1448 postquam
705 1385 737 1430 se
760 1365 914 1450 Gigantas
935 1367 1085 1449 Lapithas
1107 1369 1227 1434 Xerxen
1252 1389 1326 1435 can-

230 1477 338 1540 turum
360 1493 424 1540 esse
445 1475 574 1557 negarit
596 1492 735 1556 quaeque
756 1474 864 1557 magni
887 1475 949 1540 oris
971 1477 1080 1554 essent,
1111 1477 1144 1540 in
1166 1497 1196 1542 v.
1219 1479 1259 1542 35
1281 1479 1328 1544 ita

232 1583 314 1667 apud
336 1582 511 1665 Hauptium
533 1582 649 1664 pergit:

331 1689 440 1754 Molli
462 1689 514 1754 sed
536 1689 639 1754 tenuis
661 1689 867 1755 decurrens
889 1690 1027 1755 carmine
1048 1709 1154 1756 uersum

332 1799 458 1863 Viribus
481 1799 555 1880 apta
577 1798 640 1862 auis
662 1798 786 1864 Phoebo
809 1799 886 1863 duce
908 1798 1013 1864 ludere
1036 1799 1161 1881 gaudet.

234 1907 345 1987 ltaque
366 1907 456 1987 poeta
470 1925 496 1970 a
517 1905 609 1969 rebus
628 1905 806 1986 ponderosis
828 1907 869 1970 ad
889 1906 989 1970 leuem
1009 1907 1219 1990 gracilemque
1241 1908 1346 1972 tran·-

234 2014 315 2077 siens
337 2032 458 2078 versum
484 2013 634 2077 formavit
655 2032 715 2096 quo
742 2014 821 2078 nihil
842 2014 976 2098 cogitari
1009 2016 1110 2097 potest
1132 2015 1330 2096 ponderosius

236 2119 429 2202 tristiusqne!
474 2120 555 2200 Quid
579 2125 675 2186 vero?
712 2121 744 2185 in
769 2122 925 2187 codicibus
946 2123 1023 2188 mori
1045 2123 1192 2206 leguntur
1214 2122 1331 2206 dactyli

235 2227 454 2292 iucundissime
475 2228 604 2294 fluentes
625 2231 658 2294 hi

334 2337 471 2402 Mollia
503 2338 555 2402 sed
576 2339 663 2402 tenni
691 2339 788 2421 pede
810 2359 973 2405 currere
994 2340 1133 2405 carmina
1154 2357 1245 2404 versu
1268 2357 1330 2422 eqs.

235 2446 321 2510 Haec
341 2445 412 2510 tolli
432 2447 503 2511 nolo
525 2465 578 2528 per
591 2447 800 2513 coniecturam
813 2449 956 2532 quamvis
978 2467 1131 2531 sagacem.
1176 2447 1330 2512 Sedenim

236 2555 393 2636 Hauptius
415 2574 486 2620 curn
508 2553 666 2620 verissimo
686 2575 815 2621 versus
836 2576 891 2638 pro
911 2557 1049 2622 ablativo
1072 2557 1210 2622 restituit
1233 2555 1329 2640 (quod

235 2681 309 2728 voce
330 2664 470 2745 gaudet
485 2664 633 2748 probatur
646 2665 811 2746 subestque
823 2664 954 2728 fortasse
969 2663 1097 2728 lectioni
1116 2666 1329 2746 excerptorum

236 2770 518 2854 Gronovianorum)
540 2791 601 2836 non
622 2773 699 2837 satis
719 2791 844 2854 possum
865 2772 973 2836 mirari
996 2772 1077 2854 quod
1100 2773 1262 2837 Heinsium
1283 2791 1330 2836 se-

236 2881 326 2944 cutus
358 2881 451 2960 pede
477 2881 650 2944 ablativum
684 2882 813 2964 tangere
842 2899 936 2946 ausus
968 2881 1014 2944 est
1037 2900 1090 2963 per
1111 2899 1144 2944 so
1166 2882 1329 2962 optimum.

235 2987 344 3069 Neque
366 2989 448 3051 enim
469 2989 593 3052 tantum
606 2988 690 3053 valet
711 2989 884 3053 similitudo
900 3007 1005 3052 versus
1020 2987 1171 3072 Calpurni
1182 2989 1237 3066 IV,
1262 2989 1330 3052 152.

236 3095 345 3162 Oratio
369 3096 473 3160 autem
495 3096 592 3160 fluens
613 3096 640 3160 si
662 3115 782 3162 currere
804 3096 974 3176 dicebatur,
998 3115 1053 3160 cnr
1075 3116 1138 3161 non
1161 3097 1252 3160 licuit
1264 3115 1332 3161 oar-

238 3206 336 3270 mini?
380 3204 473 3268 Modo
495 3203 652 3269 Martialis
684 3223 806 3269 versum
837 3205 976 3268 conferas
1002 3204 1058 3284 XI,
1081 3206 1131 3288 90,
1165 3205 1192 3268 l.
1235 3203 1332 3268 Porro

237 3314 383 3394 quoniam
418 3314 555 3378 tenuitas
587 3313 688 3378 maius
720 3313 814 3378 etiam
846 3313 878 3376 in
911 3313 1003 3394 poeta
1030 3331 1125 3395 quam
1157 3312 1189 3376 in
1212 3312 1333 3377 oratore

238 3423 437 3504 opprobrium
459 3423 514 3501 est,
548 3422 650 3486 tenuis
672 3440 779 3486 versus
801 3421 863 3485 dici
897 3439 959 3484 nou
993 3421 1129 3502 poterat;
1163 3418 1332 3484 cavendum

238 3532 329 3609 enim,
364 3551 401 3595 ne
423 3531 460 3595 de
491 3510 619 3594 metrico
642 3529 717 3611 pede
742 3528 914 3611 cogitemus
944 3529 971 3591 ei
994 3545 1147 3592 currere
1176 3525 1334 3591 bucolicus

239 3657 343 3704 versus
365 3639 481 3703 dicitur
502 3638 608 3702 tenui
629 3637 717 3719 pedo
735 3636 765 3700 et
787 3635 899 3718 gracili
911 3636 943 3717 ¹).
978 3636 1090 3717 Itaque
1111 3634 1232 3716 praeter
1255 3652 1335 3698 ver·

238 3766 300 3810 sus
329 3747 408 3810 nihil
429 3745 572 3828 equidem
603 3744 789 3809 mutandum
811 3743 857 3808 est
886 3744 980 3824 atque
1009 3743 1054 3808 sic
1086 3740 1335 3822 interpretandus

239 3853 339 3918 locus:
372 3873 477 3918 versus
499 3854 615 3936 gaudet
637 3853 713 3917 duce
734 3851 858 3918 Phoebo
890 3851 995 3914 ludere
1017 3850 1155 3915 carmina
1178 3851 1251 3931 apta
1272 3849 1336 3912 suis

240 3963 358 4026 viribus
371 3963 508 4043 satisque
517 3961 625 4026 mollia
636 3963 670 4025 in
682 3961 793 4043 quibus
806 3960 912 4024 currat
926 3958 1013 4022 tenui
1025 3958 1100 4040 pede
1109 3959 1150 4040 ²);
1165 3959 1336 4040 pendetque

242 4113 436 4123 ——-—..-.

264 4223 266 4228 ¹
342 4206 368 4274 1)
387 4204 428 4258 De
446 4204 490 4258 hir
510 4203 657 4258 adiectivie
676 4202 710 4257 cf.
729 4218 827 4257 versus
848 4205 861 4254 1
881 4205 911 4254 et
929 4201 954 4254 2.

342 4305 371 4372 2)
387 4302 459 4356 Num
477 4301 560 4356 etiarn
579 4299 698 4354 mollia
717 4298 867 4353 carmina
885 4312 972 4365 aequo
990 4311 1023 4350 sc
1040 4281 1161 4350 versus
1179 4293 1261 4347 huius
1278 4308 1338 4345 een·

1123 4389 1140 4443 2
