3158 4940
760 435 801 499 37

237 619 478 702 Maximoque
499 620 536 684 in
558 639 678 702 parva
698 619 862 684 sustulit
886 639 973 686 ossa
997 641 1119 700 manu,
1143 619 1233 686 Cum
1252 621 1328 686 tibi

237 747 302 793 nec
322 728 621 794 Peleusederat
653 747 717 792 nec
748 728 904 793 caerula
936 730 1060 794 mater
1081 749 1142 813 eqs.
1187 729 1327 794 Primum

237 838 320 903 certo
343 837 456 904 certius
478 837 524 902 est
544 855 616 901 cum
639 837 716 902 tibi
736 854 811 901 voco
840 838 999 902 mortuum
1019 839 1110 920 poeta
1141 838 1328 920 adloquatur

235 947 320 1012 intra
341 947 416 1012 fines
438 945 572 1011 eiusdem
595 959 710 1022 sensus,
733 945 791 1010 sub
803 945 951 1010 Achilli
972 947 1094 1011 subesse
1112 945 1221 1012 dehere
1235 935 1328 1011 voca·

236 1056 345 1120 tirum.
400 1054 516 1120 Deinde
548 1054 649 1120 tenti
672 1071 813 1136 eorpus
835 1053 993 1120 Achilli
1025 1055 1107 1119 sicut
1139 1073 1191 1138 per
1213 1073 1245 1120 se
1266 1073 1328 1120 non

236 1165 313 1230 satie
329 1163 458 1248 dignum
481 1165 529 1228 est
551 1163 656 1228 nostro
677 1163 778 1245 poete,
804 1163 851 1228 ita
871 1163 959 1228 iuxta
979 1163 1217 1246 maximeque
1239 1183 1327 1229 osse

236 1274 372 1356 positum
394 1291 518 1355 prorsus
532 1271 701 1354 superfluit.
744 1271 907 1336 Nescimus
919 1271 1116 1354 Propertium
1131 1273 1197 1337 tarn
1219 1274 1329 1338 misere

140 1441 146 1452 .
236 1381 283 1446 his
303 1381 386 1446 idem
407 1381 516 1446 dicere.
560 1380 704 1463 Denique.
721 1399 872 1462 quaenam
894 1379 970 1445 haec
994 1379 1040 1445 est
1062 1379 1209 1445 narrandi
1236 1380 1327 1459 ratic,

238 1490 274 1553 ut
295 1490 429 1572 primum
464 1490 570 1555 lavare
588 1489 711 1555 dicatur
735 1488 847 1571 puella,
878 1489 946 1552 turn
970 1489 1001 1554 et
1023 1507 1126 1553 comas
1154 1489 1276 1554 foedare
1297 1487 1328 1554 et

237 1616 346 1680 corpus
356 1597 490 1663 Achillis
511 1599 750 1664 manutenere?
776 1595 855 1662 'Gur
870 1615 982 1679 quaeso
1005 1616 1100 1662 mauu
1122 1596 1243 1662 tenuit?
1277 1597 1350 1662 An'

237 1707 310 1788 quia
332 1723 435 1772 eomes
457 1707 616 1774 foedarit?
648 1727 688 1772 an
719 1708 755 1770 ut
782 1704 941 1771 foedaret?
984 1705 1051 1770 Iam
1069 1723 1141 1770 vero
1169 1705 1213 1770 sic
1234 1705 1327 1771 velim

235 1815 357 1882 litteras
379 1815 623 1900 distinguemus:

335 1926 545 2010 Poedavitque
566 1946 669 1992 comas
689 1927 793 1992 cettan
814 1926 840 1990 ti
859 1943 969 2008 eorpus
991 1925 1118 2007 Achilli,

237 2034 319 2100 unde
339 2035 430 2101 facile
450 2035 568 2101 elicies:
1054 2103 1059 2122 ,

335 2143 545 2228 Foedavitque
575 2163 678 2209 comes
700 2145 853 2210 siccans
874 2143 946 2209 tibi
980 2163 1129 2226 corpus,
1162 2143 1326 2208 Achille.

236 2253 312 2318 lnde
343 2252 442 2336 igitur
464 2271 567 2318 cemes
599 2251 714 2318 dicitur
745 2251 868 2318 foedare
890 2253 1015 2332 Briseis,
1051 2251 1125 2335 quia
1153 2252 1192 2316 iis
1225 2251 1328 2316 effusis

235 2362 332 2428 siccat
363 2361 511 2426 lavatum.
555 2359 605 2427 Ad
626 2361 829 2428 elocutionem
852 2361 956 2427 confer
978 2361 1060 2426 Stati
1092 2361 1195 2425 locum
1218 2359 1326 2443 (Theb.

236 2471 292 2549 XI,
314 2465 375 2535 642
400 2469 477 2554 sq.):
499 2519 502 2526 -

315 2579 424 2645 illius
446 2579 517 2646 erili
538 2580 721 2646 stridentem
741 2582 774 2646 in
795 2582 917 2665 pectore
940 2580 1065 2663 plagam

333 2690 453 2755 Ismene
476 2689 612 2772 collapsa
634 2709 724 2773 super
747 2690 945 2772 lacrimisque
969 2685 1166 2772 comisque

335 2797 512 2864 Siccabat
531 2799 690 2882 plangens.

236 2905 413 2988 Hyacinthe
435 2906 547 2987 Apollo
571 2905 754 2971 moribundo
769 2905 895 2971 volnera
917 2905 1041 2971 siccat
1061 2904 1167 2984 (Ovidi
1188 2905 1262 2970 Met.
1279 2907 1326 2984 10,

239 3012 329 3094 187);
352 3013 390 3077 ci.
406 3014 501 3078 otiam
512 3015 649 3097 Vrgl.A.
662 3015 706 3080 IV
718 3015 796 3090 687;
817 3015 930 3079 X834.
963 3013 1117 3078 Attendas
1140 3013 1233 3078 simul
1254 3014 1328 3078 ter-

236 3123 354 3204 gendi
376 3125 504 3189 verbum
524 3124 572 3188 vel
595 3122 773 3206 detergenti
798 3124 879 3207 quod
902 3124 985 3188 vitae
1008 3121 1182 3188 cotidianae
1203 3123 1249 3187 est
1277 3142 1328 3187 re·

236 3231 356 3298 rissime
377 3233 439 3316 legi
453 3233 534 3316 apud
550 3234 664 3316 poetes.
696 3233 836 3316 Denique
848 3232 929 3315 apud
941 3231 1138 3315 Propertium
1153 3232 1178 3296 si
1193 3232 1231 3297 de
1242 3232 1328 3297 Ado·

236 3341 308 3406 nido
327 3341 443 3406 dicitur
462 3341 531 3423 (ΙΙΙ,
557 3344 603 3422 13,
624 3340 696 3425 39):
719 3341 807 3406 Illis
830 3343 1044 3408 formosum
1066 3341 1246 3421 lavisse¹)
1267 3361 1327 3424 pa-

236 3447 399 3532 ludibus,
421 3451 696 3517 illuoDiceris
721 3451 852 3516 eflusa
873 3451 1047 3516 tuVenus
1068 3451 1146 3516 isse
1168 3471 1273 3516 coma
1289 3487 1323 3496 -

236 3557 424 3642 quiaeffusis
446 3560 555 3626 itidem
566 3562 663 3626 comis
685 3561 723 3626 ad
746 3577 874 3644 puerum
893 3561 1062 3627 levandum
1084 3562 1120 3639 it,
1143 3579 1203 3624 non
1224 3560 1326 3625 minus

235 3669 366 3734 fortasse
384 3669 480 3734 tacite
502 3669 669 3734 siccantem
680 3671 829 3735 Venerem
849 3670 1040 3753 imaginatus
1064 3671 1154 3752 poeta
1168 3669 1223 3747 cst,
1245 3668 1327 3733 sicut

235 3777 268 3842 in
289 3778 390 3862 idyllii
412 3779 494 3861 quod
516 3779 608 3844 Bioni
630 3779 817 3844 adscribitur
834 3780 927 3864 primi
949 3780 1101 3844 vers1184
1122 3798 1167 3860 sq.
1200 3777 1327 3844 Veneris
1450 3775 1454 3786 '

131 3931 136 3962 ,
235 3886 302 3952 loce
316 3887 481 3970 Cupidines
495 3888 603 3954 lavant
614 3888 738 3953 Adonin
754 3889 931 3972 siccantque
945 3889 1003 3954 alis
1025 3888 1282 3971 refrigerantibus
1290 3889 1326 3971 ²).

338 4064 365 4132 1)
382 4063 455 4116 Haec
483 4064 556 4116 enim
583 4062 738 4117 certissimo
756 4062 890 4132 Sceligeri
917 4062 1074 4116 emendatio
1102 4061 1140 4130 (in
1158 4063 1253 4118 codd:
1284 4064 1327 4118 ie·

236 4159 359 4229 cuisss)
377 4157 479 4212 iniuria
497 4158 645 4228 spernitur.
683 4157 727 4212 An
745 4157 815 4212 nihil
834 4157 968 4228 cogitavit
986 4157 1149 4229 Propertius
1167 4160 1258 4214 subito
1276 4177 1327 4230 pe-

236 4253 331 4310 ludes
350 4254 589 4328 commemorans?

335 4354 363 4424 2)
382 4351 554 4406 Adversum
578 4356 671 4406 tutem
690 4352 773 4422 Prop.
795 4351 829 4415 ΙΙ,
846 4353 872 4420 9,
893 4352 925 4405 13
948 4381 979 4392 -
1001 4370 1034 4406 ne
1063 4352 1115 4407 hoc
1142 4351 1269 4407 omittam
1290 4381 1321 4392 -
