3158 4940
763 334 783 397 8

222 523 303 588 sicut
325 523 362 588 de
384 523 512 588 Graecis
535 543 597 588 non
619 521 734 588 multos
757 521 878 586 credere
901 521 989 587 video
999 521 1032 598 1),
1069 522 1114 586 ia
1137 541 1174 586 ne
1196 521 1228 586 in
1250 541 1313 586 rem

220 634 383 698 metricam
401 633 583 698 Latinorum
607 632 676 714 quis
698 632 811 696 inferat
828 631 948 712 copiose
963 621 1099 696 defendit
1112 632 1280 696 Muellerus
1291 633 1316 712 2)

220 743 375 824 imprimis
397 742 651 824 aequabilitatem
683 742 765 806 inter
787 759 892 806 uersus
920 741 1091 822 particulas
1112 760 1147 806 ec
1162 731 1315 823 vviolarit)

222 853 415 935 intellegens.
460 851 513 916 Sin
537 852 642 916 autem
665 851 756 916 modo
786 853 821 915 ut
844 852 971 916 fecimus
993 871 1061 916 eam
1081 869 1152 916 vere
1183 851 1317 916 latinam

221 963 254 1026 in
275 963 450 1026 hexametro
475 980 633 1026 caesuram
655 960 767 1024 dixeris
791 980 852 1042 qua
875 960 1017 1024 vocabuli
1040 960 1250 1041 praecedentis
1265 981 1318 1026 ac-

222 1073 329 1136 centus
361 1071 394 1134 in
416 1071 560 1136 ultimam
584 1071 737 1154 syllabam
761 1071 924 1152 abripitur,
957 1071 1021 1135 ianr
1044 1072 1115 1137 acta
1144 1092 1191 1138 res
1214 1072 1274 1136 erit
1296 1075 1318 1147 ).

223 1181 273 1244 An
290 1183 378 1246 -ut
399 1183 493 1246 etiam
516 1183 573 1245 hoc
595 1181 708 1246 addam
727 1217 764 1226 -
781 1181 863 1263 quod
879 1180 1067 1246 Graecorum
1090 1202 1217 1248 caesura
1240 1204 1318 1265 quae

222 1292 312 1356 audit
332 1291 472 1357 bucolica
495 1291 604 1372 estque
635 1290 668 1353 in
691 1289 751 1354 fine
773 1291 857 1372 pedis
879 1291 986 1372 quarti
1012 1291 1075 1355 alia
1097 1291 1134 1356 de
1156 1311 1249 1356 causa
1271 1312 1318 1356 re-

222 1401 411 1480 pudiabatur
432 1421 451 1466 a
473 1400 622 1465 Romanis
633 1400 658 1480 5)
692 1399 753 1464 nisi
775 1400 857 1482 quod
878 1418 991 1464 munus
1025 1399 1104 1463 illud
1126 1400 1209 1482 quod
1238 1400 1319 1464 indi·

222 1509 362 1574 cavimus
384 1510 465 1574 tueri
483 1527 544 1572 non
567 1508 713 1572 valebat?

324 1618 436 1699 Itaque
467 1619 500 1680 in
525 1617 669 1696 exemplis
692 1617 844 1681 Ennianis
869 1617 900 1680 ΙΙ
923 1619 954 1681 et
973 1617 1022 1680 ΙΙΙ
1055 1617 1190 1698 primum
1223 1638 1320 1700 agno-

225 1726 321 1790 scitur
343 1725 637 1806 hephthemimeres;
659 1725 752 1788 simul
766 1726 869 1790 tamen
893 1726 937 1790 dc
958 1723 1247 1790 trithemimeri
1269 1747 1320 1791 ve-

224 1853 293 1899 reor
313 1854 350 1898 ne
372 1835 464 1898 nimis
485 1835 575 1898 caute
596 1833 733 1898 iudicare
753 1834 921 1910 soleamus3
944 1854 1012 1898 eam
1033 1836 1115 1898 enim
1138 1835 1226 1916 quasi
1248 1836 1321 1899 sub-

225 1943 311 2008 nasci
326 1943 498 2008 arbitratur
512 1943 679 2007 Muellerus
701 1943 766 2024 (pg.
792 1945 865 2024 183)
892 1944 1008 2020 „tacita
1031 1943 1203 2024 elegantiae
1222 1943 1320 2025 lege“,
1403 1993 1408 2004 .

226 2051 441 2134 „legitimam“
475 2070 546 2116 uero
569 2052 689 2132 practer
721 2051 981 2131 penthemimeren
1012 2051 1111 2116 solam
1142 2070 1205 2116 esse
1230 2051 1322 2114 semi·

226 2160 440 2241 septenariam.
485 2159 530 2222 At
553 2159 640 2222 illam
657 2159 739 2240 quod
757 2159 960 2224 Terentianus
975 2159 1139 2223 Diomedes
1161 2159 1321 2234 omittunt,

226 2269 337 2332 horum
352 2267 492 2330 auctores
516 2265 673 2330 aGraecis
688 2267 836 2348 pendent3
858 2267 884 2330 is
906 2268 1093 2332 autemeam
1109 2267 1240 2348 respexit
1262 2286 1322 2350 quo

227 2373 301 2456 quid
322 2374 367 2438 rei
389 2375 467 2438 esset
488 2393 577 2438 nomo
595 2373 715 2437 ¹melius
736 2374 814 2438 scire
836 2375 966 2454 poterat,
1000 2375 1091 2454 poeta
1112 2373 1269 2440 Ausonius
1290 2377 1322 2440 in

227 2481 417 2564 praefatione
432 2482 472 2545 ad
488 2483 646 2546 centonem
670 2502 760 2546 suurn
777 2482 958 2563 nuptialem.
1003 2481 1070 2562 Quo
1092 2483 1159 2548 loco
1181 2485 1322 2566 quamvis

228 2588 350 2652 difficili
366 2589 397 2653 et·
410 2589 493 2654 haud
506 2588 597 2654 dubie
618 2591 761 2672 corrupto
775 2591 800 2670 6)
823 2591 927 2672 aperte
941 2591 1047 2655 tamen
1062 2591 1222 2657 distinctio
1234 2593 1324 2672 „post

333 2749 357 2815 1)
376 2747 440 2800 vide
456 2747 499 2800 W.
520 2746 620 2812 Christ,
638 2745 741 2801 Metrik
761 2749 811 2800 der
830 2747 965 2802 Griechen
984 2769 1007 2801 u.
1025 2748 1126 2802 Rdmer
1145 2769 1190 2820 pg.
1215 2753 1264 2805 183
1284 2769 1324 2818 sq.

328 2841 355 2909 2)
375 2841 409 2894 de
428 2859 458 2894 re
477 2829 593 2894 metrica
612 2860 655 2912 pg.
680 2843 729 2895 184
748 2860 788 2910 sq.

279 2938 282 2943 ’
329 2939 357 3005 3)
376 2937 465 2992 Varro
485 2940 578 2990 autom
597 2937 625 2990 iu
644 2937 853 3007 disciplinarum
884 2938 964 2992 libris
984 2939 1007 2992 si
1026 2943 1098 2993 teste
1118 2941 1206 2994 Gellio
1226 2941 1270 3008 (N.
1292 2941 1325 2994 A.

228 3033 327 3101 XVlll,
349 3034 392 3102 15)
411 3035 573 3088 observasse
592 3051 621 3087 se
640 3034 712 3087 dixit
730 3035 759 3088 in
780 3035 939 3088 hexametro
958 3036 1032 3104 quod
1051 3038 1126 3090 enini
1145 3037 1227 3090 modo
1247 3038 1325 3105 quin·

229 3133 274 3182 tus
294 3129 412 3198 semipes
428 3130 542 3183 uerbum
557 3129 658 3198 finiret,
677 3147 732 3183 non
751 3129 814 3184 ideo
833 3131 951 3184 formam
964 3131 989 3184 ΙΙ
1008 3136 1057 3185 aut
1069 3133 1107 3186 lll
1127 3132 1277 3194 damnavit,
1298 3133 1326 3185 id

230 3224 303 3290 quod
327 3225 414 3291 ipsius
433 3230 544 3278 saturae
563 3225 765 3287 demonstrant,
797 3227 909 3280 sedeas
928 3229 1027 3296 quibus
1054 3228 1157 3281 ibidem
1182 3229 1326 3294 abstinuit,

230 3325 357 3388 quartam
376 3319 438 3374 dico
458 3321 582 3389 quintam
602 3325 708 3375 sextam
727 3341 795 3390 quas
813 3341 877 3376 mox
897 3323 993 3392 parteis
1012 3323 1221 3376 illustrabimus.

330 3418 357 3482 4)
377 3415 513 3472 Christius
536 3417 698 3472 Diomedem
726 3419 801 3488 quod
828 3419 897 3474 dicit
926 3437 982 3473 non
1011 3419 1193 3486 adscripsisse
1221 3417 1327 3488 Latinis

231 3512 380 3566 sectionem
399 3516 463 3580 post
481 3513 595 3566 tertium
615 3514 774 3568 trochaeum
795 3515 851 3583 (pg.
874 3515 943 3582 187),
963 3531 1042 3566 error
1061 3513 1105 3566 hic
1124 3517 1166 3565 est
1185 3511 1292 3566 calami.

329 3608 355 3672 5)
374 3609 405 3661 L.
424 3607 574 3664 Muellerus
595 3628 640 3680 pg.
665 3613 730 3678 1933
750 3611 887 3664 Christ-ius
907 3627 953 3678 pg.
976 3609 1025 3662 lar
1046 3614 1074 3662 et
1095 3609 1153 3662 194.

331 3709 358 3774 6)
378 3707 421 3760 Ita
447 3707 504 3762 fere
528 3708 668 3762 Ausonius
700 3707 826 3777 scripsit:
861 3705 1088 3760 Diffunditur
1120 3708 1236 3757 autem
1265 3721 1328 3771 por

232 3820 389 3856 caesuras
409 3821 521 3857 omnes
541 3822 622 3874 quas
648 3804 783 3873 recipit
800 3821 921 3858 versus
944 3802 1114 3864 heroicus,
1144 3800 1328 3855 convenire

232 3903 268 3952 ut
287 3901 398 3968 possit
416 3904 474 3954 aut
490 3901 778 3969 penthemimeres
797 3917 868 3953 cum
887 3898 1022 3966 reliquo
1044 3902 1241 3966 anapaesto,
1269 3903 1330 3951 aut

232 3995 409 4050 trochaice
422 4013 493 4048 curn
506 3995 706 4064 posteriore
722 3998 906 4064 segmento,
924 3999 984 4047 aut
998 3997 1126 4062 septem
1141 3992 1329 4062 semipedes

232 4107 304 4145 cum
333 4089 566 4160 anapaestico
594 4091 746 4158 chorico,
778 4093 841 4142 aut
868 4090 1016 4158 porculum
1043 4089 1157 4144 initium
1186 4107 1246 4146 cum
1273 4095 1329 4144 toto

233 4191 310 4257 post
329 4187 501 4257 dactylum
530 4192 632 4256 atque
658 4186 864 4255 semipedem
894 4185 1062 4256 quidquid
1091 4190 1204 4240 restat
1231 4184 1329 4238 hexa-

234 4287 358 4338 metro.
