3158 4940
783 375 823 440 10

253 557 286 622 in
309 579 338 623 1.
360 561 422 624 262
444 560 475 624 01
496 560 529 626 in
549 581 578 624 v.
606 563 666 626 103
696 563 723 626 31
744 581 817 628 1013
843 564 918 628 haec
949 563 1042 627 lectio
1066 563 1126 627 est:
1158 562 1346 646 Virginis

256 687 338 732 nam
361 670 433 734 sibi
453 671 616 753 quisquo
637 671 733 736 domi
756 673 948 738 Romanus
969 673 1085 737 habet
1106 691 1173 738 333.
1211 671 1347 736 11101133-

255 777 348 842 bilior
369 797 398 842 v.
421 779 492 856 565,
514 779 650 844 incertus
672 799 701 844 v.
724 780 795 844 405.
843 779 922 845 Vide
944 799 1038 862 quam
1060 779 1137 844 bone
1156 779 1251 845 stiam
1273 779 1348 843 haec

255 905 381 952 caesura
404 887 488 952 rixae
509 887 659 952 inserviat
682 889 875 952 accentuum.

354 995 496 1060 Alterum
520 995 591 1060 hoo:
626 995 789 1061 collocatio
821 997 902 1060 enim
924 996 1087 1060 uerborum
1119 995 1146 1059 si
1177 995 1211 1058 in
1239 995 1348 1076 penta·

255 1103 363 1168 metris
384 1103 502 1170 talibus
523 1123 586 1169 non
607 1105 693 1170 casui
715 1105 842 1170 debatur

306 1234 316 1238 ·
355 1213 525 1296 Pressaque
546 1214 669 1278 veloci
691 1213 823 1278 candida
845 1212 949 1278 musta
969 1213 1060 1294 0010

355 1319 508 1386 Garrulus
530 1323 563 1388 in
585 1321 760 1387 dominae
781 1321 886 1386 ludere
908 1340 1002 1386 verna
1026 1321 1110 1385 sinu

353 1429 457 1494 lactat
479 1429 651 1494 odoratos
672 1431 746 1495 vota
768 1449 821 1512 031
843 1430 1046 1496 Armenios
1061 1429 1086 1514 ¹)

254 1537 427 1629 similisque
448 1557 496 1603 103
518 1539 564 1602 031
586 1539 619 1602 in
639 1539 816 1630 hexametro
837 1539 985 1620 bipartito

355 1645 489 1730 Cynthia
510 1649 611 1728 prima
632 1648 709 1712 suis
741 1647 888 1712 miserum
910 1665 959 1712 me
981 1647 1062 1730 oepit
1084 1647 1214 1712 ocellis

256 1755 294 1819 de
316 1774 375 1837 quo
395 1755 567 1836 pluravide
588 1756 671 1820 infra
693 1775 744 1838 pg.
757 1757 807 1840 50,
828 1757 949 1821 horest
970 1757 997 1821 31
1020 1755 1177 1822 clausulae
1197 1757 1350 1822 antecas-

256 1882 343 1928 suras
355 1864 519 1946 primarias
527 1864 714 1930 conformari
722 1866 830 1930 amant
838 1866 998 1948 derigique
1006 1865 1046 1931 ad
1057 1865 1155 1929 totius
1163 1865 1256 1928 metri
1264 1864 1351 1928 olau—
1414 1904 1416 1906 -

256 1971 357 2036 sulam
380 1990 414 2036 00
437 1972 518 2054 quod
535 1991 614 2055 quae
635 1991 772 2054 perram
795 1974 1038 2056 grammaticam
1051 1991 1113 2037 una
1135 1973 1208 2036 suut
1229 1973 1351 2037 inhaec

256 2080 324 2145 loca
345 2080 574 2146 distribuuntur
594 2081 832 2163 efficiunturque
853 2081 937 2146 haud
959 2101 1030 2146 raro
1053 2083 1191 2146 membra
1213 2081 1349 2146 homoio-

256 2189 373 2254 teleuta
398 2224 432 2234 -
458 2209 534 2254 num
555 2191 613 2255 1100
633 2190 735 2274 magis
757 2190 790 2254 in
812 2191 892 2255 hanc
913 2190 1046 2272 speciem
1068 2190 1153 2254 cadit

355 2297 527 2378 Impulerat
546 2298 550 2378 Ι
569 2281 650 2363 terro
674 2298 879 2380 Argolicas!
898 2298 1021 2364 foedare
1043 2299 1202 2364 latebras
1286 2280 1306 2294 Γ

257 2422 351 2488 quam
372 2406 406 2468 in
429 2406 519 2470 hasco
737 2473 739 2478 ,
875 2494 877 2497 ¹

356 2514 533 2580 Infandum
552 2518 556 2594 1
576 2515 685 2598 regina
706 2515 793 2581 iubes
813 2517 983 2593 1101101310
1005 2514 1165 2580 dolorem

267 2659 269 2663 v
356 2623 434 2688 Inde
455 2623 667 2706 1010103101
688 2624 807 2689 Aeneas
825 2627 830 2704 Ι
851 2625 896 2690 310
919 2643 1006 2690 orsus
1038 2625 1077 2690 ab
1099 2625 1204 2690 alto?

257 2733 364 2798 Etiam
385 2733 465 2798 13113
486 2735 654 2798 occurrunt

356 2841 450 2906 Hunc
485 2841 626 2906 laetum
645 2843 649 2922 1
670 2842 833 2925 Tyriisque
869 2841 973 2906 diam
992 2844 997 2920 Ι
1016 2841 1170 2922 Troiaque
1205 2841 1351 2922 profectis

257 2951 344 3033 (Ilsse
367 2950 453 3015 velis.
478 2951 563 3034 Vrgl.
586 2951 625 3015 Α.
647 2951 673 3029 1,
697 2951 771 3032 132)

357 3059 498 3124 Membra
521 3059 646 3142 quatit
666 3060 670 3138 Ι
689 3059 871 3142 gelidusque
893 3060 997 3135 00111
1016 3057 1181 3123 formidine
1211 3057 1353 3140 sanguim
1460 3084 1461 3088 ¹

258 3167 354 3232 etiam
374 3167 453 3232 talia
474 3187 528 3249 001
551 3169 627 3233 duos
649 3187 754 3232 versus
778 3168 961 3233 distributa:
982 3167 1128 3232 Miserere
1147 3167 1310 3232 laborum

269 3350 272 3358 ¹
358 3277 763 3358 Tantorumstmiserere
796 3277 1029 3358 animi‚lnon
1068 3276 1163 3358 digna
1195 3274 1353 3340 serentis

260 3387 363 3469 (Vrgl.
387 3385 426 3450 A.
449 3383 499 3466 11,ι
515 3387 573 3450 143
595 3384 655 3470 sq.)

358 3495 418 3562 Sed
440 3495 552 3579 premit
572 3496 739 3560 inventas
759 3515 822 3561 noo.
844 3496 1011 3582 inventura
1032 3495 1191 3560 latentis

358 3605 419 3671 Illa
440 3605 549 3684 feras,
569 3607 573 3686 1
593 3623 673 3686 quae
694 3604 850 3670 Petroniis
872 3606 948 3670 bene
979 3604 1080 3688 gloria
1102 3604 1225 3669 constat
1250 3603 1355 3685 (Grati

262 3713 468 3796 ammi

359 3821 561 3904 Apponamus
596 3839 634 3886 ne
669 3804 813 3886 num'eros
848 3821 1000 3887 desideres
1033 3821 1066 3884 in
1098 3819 1241 3902 Properti
1273 3821 1354 3885 libro

260 3931 352 3996 tortio
375 3932 405 3995 et
428 3930 537 4014 quinto
560 3929 757 4012 computatis]
778 3929 911 4013 triginta
933 3928 1057 4010 quidem
1076 3927 1139 3992 fero
1160 3929 1355 3994 trimembres

260 4059 365 4106 versus
388 4041 509 4106 exstare
541 4039 709 4122 inquibus
737 4057 798 4104 non
831 4038 891 4104 nisi
918 4056 1025 4102 sensus
1047 4037 1152 4120 aliquo
1184 4037 1354 4103 interstitio
1404 4077 1411 4092 s

261 4179 460 4190 ......-..-—-

345 4230 389 4342 ¹1)
408 4269 483 4328 Haec
500 4269 609 4342 primus
626 4269 778 4347 pensitavit
797 4267 990 4327 Lachmannus
1003 4266 1039 4324 ad
1051 4267 1229 4342 Propertium
1246 4282 1294 4339 pg.
1312 4265 1355 4318 23.
