<?xml version="1.0" encoding="UTF-8"?>
<!DOCTYPE html PUBLIC "-//W3C//DTD XHTML 1.0 Transitional//EN"
    "http://www.w3.org/TR/xhtml1/DTD/xhtml1-transitional.dtd">
<html xmlns="http://www.w3.org/1999/xhtml" xml:lang="en" lang="en">
 <head>
  <title>
</title>
<meta http-equiv="Content-Type" content="text/html;charset=utf-8" />
  <meta name='ocr-system' content='tesseract 3.04.00' />
  <meta name='ocr-capabilities' content='ocr_page ocr_carea ocr_par ocr_line ocrx_word'/>
</head>
<body>
  <div class='ocr_page' id='page_1' title='image "adhistoriamhexa00birtgoog_0016.png"; bbox 0 0 3158 4940; ppageno 0'>
   <div class='ocr_carea' id='block_1_1' title="bbox 747 436 784 501">
    <p class='ocr_par' dir='ltr' id='par_1_1' title="bbox 747 436 784 501">
     <span class='ocr_line' id='line_1_1' title="bbox 747 436 784 501; baseline 0 0"><span class='ocrx_word' id='word_1_1' title='bbox 747 436 784 501; x_wconf 91' lang='lat'>11</span> 
     </span>
    </p>
   </div>
   <div class='ocr_carea' id='block_1_2' title="bbox 165 625 1388 3296">
    <p class='ocr_par' dir='ltr' id='par_1_2' title="bbox 218 625 1388 1664">
     <span class='ocr_line' id='line_1_2' title="bbox 219 625 1313 708; baseline 0.001 -18"><span class='ocrx_word' id='word_1_2' title='bbox 219 626 478 708; x_wconf 80' lang='lat' dir='ltr'>duplexcaesura</span> <span class='ocrx_word' id='word_1_3' title='bbox 501 625 659 706; x_wconf 78' lang='lat' dir='ltr'><strong>fulciatur,</strong></span> <span class='ocrx_word' id='word_1_4' title='bbox 691 627 732 690; x_wconf 87' lang='lat'>33</span> <span class='ocrx_word' id='word_1_5' title='bbox 752 645 825 691; x_wconf 89' lang='lat' dir='ltr'>vero</span> <span class='ocrx_word' id='word_1_6' title='bbox 853 627 885 690; x_wconf 91' lang='lat' dir='ltr'>in</span> <span class='ocrx_word' id='word_1_7' title='bbox 908 625 1019 708; x_wconf 88' lang='lat' dir='ltr'>quibus</span> <span class='ocrx_word' id='word_1_8' title='bbox 1042 626 1101 689; x_wconf 88' lang='lat' dir='ltr'>bac</span> <span class='ocrx_word' id='word_1_9' title='bbox 1123 645 1217 708; x_wconf 89' lang='lat' dir='ltr'>quarn</span> <span class='ocrx_word' id='word_1_10' title='bbox 1239 625 1313 691; x_wconf 90' lang='lat' dir='ltr'>illn-</span> 
     </span>
     <span class='ocr_line' id='line_1_3' title="bbox 218 733 1388 820; baseline 0 -22"><span class='ocrx_word' id='word_1_11' title='bbox 218 735 387 800; x_wconf 85' lang='lat' dir='ltr'>stravimus</span> <span class='ocrx_word' id='word_1_12' title='bbox 398 733 601 798; x_wconf 85' lang='lat' dir='ltr'>collocatione</span> <span class='ocrx_word' id='word_1_13' title='bbox 614 735 792 808; x_wconf 82' lang='lat' dir='ltr'>verborum3</span> <span class='ocrx_word' id='word_1_14' title='bbox 815 733 957 816; x_wconf 88' lang='lat' dir='ltr'>interque</span> <span class='ocrx_word' id='word_1_15' title='bbox 977 735 1033 798; x_wconf 90' lang='lat' dir='ltr'>hos</span> <span class='ocrx_word' id='word_1_16' title='bbox 1045 735 1086 797; x_wconf 88' lang='lat'>33</span> <span class='ocrx_word' id='word_1_17' title='bbox 1107 733 1222 798; x_wconf 84' lang='lat' dir='ltr'>viciens</span> <span class='ocrx_word' id='word_1_18' title='bbox 1242 753 1312 798; x_wconf 82' lang='lat' dir='ltr'>cunr</span> <span class='ocrx_word' id='word_1_19' title='bbox 1385 815 1388 820; x_wconf 25' lang='grc' dir='ltr'>Ι</span> 
     </span>
     <span class='ocr_line' id='line_1_4' title="bbox 219 840 1312 922; baseline 0 -16"><span class='ocrx_word' id='word_1_20' title='bbox 219 841 439 906; x_wconf 85' lang='lat' dir='ltr'>trithemimeri</span> <span class='ocrx_word' id='word_1_21' title='bbox 460 840 628 906; x_wconf 87' lang='lat' dir='ltr'>artificium</span> <span class='ocrx_word' id='word_1_22' title='bbox 651 841 708 906; x_wconf 90' lang='lat' dir='ltr'>hoc</span> <span class='ocrx_word' id='word_1_23' title='bbox 729 841 943 922; x_wconf 78' lang='lat' dir='ltr'>participatur,</span> <span class='ocrx_word' id='word_1_24' title='bbox 968 841 1082 905; x_wconf 90' lang='lat' dir='ltr'>viciens</span> <span class='ocrx_word' id='word_1_25' title='bbox 1103 842 1220 906; x_wconf 89' lang='lat' dir='ltr'>octiens</span> <span class='ocrx_word' id='word_1_26' title='bbox 1243 855 1312 906; x_wconf 91' lang='lat' dir='ltr'>cum</span> 
     </span>
     <span class='ocr_line' id='line_1_5' title="bbox 219 949 1314 1032; baseline 0 -18"><span class='ocrx_word' id='word_1_27' title='bbox 219 950 484 1032; x_wconf 88' lang='lat' dir='ltr'>hephthemimeri‚</span> <span class='ocrx_word' id='word_1_28' title='bbox 508 969 578 1014; x_wconf 92' lang='lat' dir='ltr'>cum</span> <span class='ocrx_word' id='word_1_29' title='bbox 598 951 646 1015; x_wconf 90' lang='lat' dir='ltr'>ter</span> <span class='ocrx_word' id='word_1_30' title='bbox 661 950 700 1016; x_wconf 87' lang='lat' dir='ltr'>ad</span> <span class='ocrx_word' id='word_1_31' title='bbox 715 950 952 1015; x_wconf 88' lang='lat' dir='ltr'>similitudinem</span> <span class='ocrx_word' id='word_1_32' title='bbox 968 969 1113 1014; x_wconf 90' lang='lat' dir='ltr'>versuum</span> <span class='ocrx_word' id='word_1_33' title='bbox 1128 949 1223 1014; x_wconf 91' lang='lat' dir='ltr'>medii</span> <span class='ocrx_word' id='word_1_34' title='bbox 1245 951 1314 1015; x_wconf 85' lang='lat' dir='ltr'>aevi</span> 
     </span>
     <span class='ocr_line' id='line_1_6' title="bbox 219 1057 1312 1139; baseline 0 -17"><span class='ocrx_word' id='word_1_35' title='bbox 219 1059 408 1123; x_wconf 88' lang='lat' dir='ltr'>trininornm</span> <span class='ocrx_word' id='word_1_36' title='bbox 442 1059 574 1139; x_wconf 89' lang='lat' dir='ltr'>utraque</span> <span class='ocrx_word' id='word_1_37' title='bbox 596 1057 732 1122; x_wconf 73' lang='lat' dir='ltr'>concinit</span> <span class='ocrx_word' id='word_1_38' title='bbox 755 1076 826 1122; x_wconf 91' lang='lat' dir='ltr'>cum</span> <span class='ocrx_word' id='word_1_39' title='bbox 852 1058 927 1139; x_wconf 90' lang='lat' dir='ltr'>pede</span> <span class='ocrx_word' id='word_1_40' title='bbox 948 1058 1069 1122; x_wconf 86' lang='lat' dir='ltr'>ultimo</span> <span class='ocrx_word' id='word_1_41' title='bbox 1094 1058 1239 1138; x_wconf 71' lang='grc'><strong>(11132,</strong></span> <span class='ocrx_word' id='word_1_42' title='bbox 1262 1060 1312 1122; x_wconf 87' lang='grc'>33.</span> 
     </span>
     <span class='ocr_line' id='line_1_7' title="bbox 220 1166 1313 1248; baseline 0 -18"><span class='ocrx_word' id='word_1_43' title='bbox 220 1167 258 1246; x_wconf 87' lang='lat' dir='ltr'>V,</span> <span class='ocrx_word' id='word_1_44' title='bbox 271 1168 310 1244; x_wconf 88' lang='grc'>·1,</span> <span class='ocrx_word' id='word_1_45' title='bbox 333 1167 383 1230; x_wconf 89' lang='grc'>31.</span> <span class='ocrx_word' id='word_1_46' title='bbox 408 1167 436 1245; x_wconf 85' lang='grc'>7,</span> <span class='ocrx_word' id='word_1_47' title='bbox 456 1166 510 1247; x_wconf 84' lang='grc'>63)</span> <span class='ocrx_word' id='word_1_48' title='bbox 524 1166 556 1245; x_wconf 91' lang='lat'>¹).</span> <span class='ocrx_word' id='word_1_49' title='bbox 595 1167 662 1230; x_wconf 89' lang='lat' dir='ltr'>Iam</span> <span class='ocrx_word' id='word_1_50' title='bbox 683 1166 764 1248; x_wconf 87' lang='lat' dir='ltr'>apud</span> <span class='ocrx_word' id='word_1_51' title='bbox 788 1166 924 1230; x_wconf 81' lang='lat' dir='ltr'>Ennium</span> <span class='ocrx_word' id='word_1_52' title='bbox 946 1167 1045 1232; x_wconf 87' lang='lat' dir='ltr'>artem</span> <span class='ocrx_word' id='word_1_53' title='bbox 1060 1167 1163 1231; x_wconf 89' lang='lat' dir='ltr'>curari</span> <span class='ocrx_word' id='word_1_54' title='bbox 1185 1166 1313 1231; x_wconf 88' lang='lat' dir='ltr'>eandem</span> 
     </span>
     <span class='ocr_line' id='line_1_8' title="bbox 219 1263 1313 1357; baseline -0.001 -18"><span class='ocrx_word' id='word_1_55' title='bbox 219 1275 331 1340; x_wconf 79' lang='lat' dir='ltr'>docent</span> <span class='ocrx_word' id='word_1_56' title='bbox 352 1263 555 1357; x_wconf 78' lang='lat' dir='ltr'>exemplata.</span> <span class='ocrx_word' id='word_1_57' title='bbox 580 1275 650 1338; x_wconf 87' lang='grc'><strong>110.</strong></span> <span class='ocrx_word' id='word_1_58' title='bbox 674 1275 746 1338; x_wconf 85' lang='grc'><strong>217.</strong></span> <span class='ocrx_word' id='word_1_59' title='bbox 770 1275 840 1338; x_wconf 86' lang='grc'>233.</span> <span class='ocrx_word' id='word_1_60' title='bbox 862 1275 942 1349; x_wconf 75' lang='grc' dir='ltr'>495ς</span> <span class='ocrx_word' id='word_1_61' title='bbox 965 1292 1057 1357; x_wconf 83' lang='lat' dir='ltr'>prope</span> <span class='ocrx_word' id='word_1_62' title='bbox 1079 1273 1313 1344; x_wconf 83' lang='grc'><strong>61161111280.</strong></span> 
     </span>
     <span class='ocr_line' id='line_1_9' title="bbox 220 1381 1313 1464; baseline -0.001 -18"><span class='ocrx_word' id='word_1_63' title='bbox 220 1384 297 1458; x_wconf 80' lang='grc'><strong>348;</strong></span> <span class='ocrx_word' id='word_1_64' title='bbox 330 1401 391 1448; x_wconf 93' lang='lat' dir='ltr'>non</span> <span class='ocrx_word' id='word_1_65' title='bbox 424 1382 589 1464; x_wconf 82' lang='lat' dir='ltr'>displicent</span> <span class='ocrx_word' id='word_1_66' title='bbox 621 1381 682 1446; x_wconf 88' lang='lat' dir='ltr'>nisi</span> <span class='ocrx_word' id='word_1_67' title='bbox 703 1401 752 1446; x_wconf 86' lang='lat' dir='ltr'>vv.</span> <span class='ocrx_word' id='word_1_68' title='bbox 776 1382 975 1446; x_wconf 76' lang='grc'><strong>15661424</strong></span> <span class='ocrx_word' id='word_1_69' title='bbox 999 1383 1105 1447; x_wconf 82' lang='lat' dir='ltr'>-ita</span> <span class='ocrx_word' id='word_1_70' title='bbox 1132 1382 1168 1446; x_wconf 87' lang='lat' dir='ltr'>ut</span> <span class='ocrx_word' id='word_1_71' title='bbox 1187 1381 1250 1446; x_wconf 87' lang='lat' dir='ltr'>fere</span> <span class='ocrx_word' id='word_1_72' title='bbox 1281 1383 1313 1445; x_wconf 93' lang='lat' dir='ltr'>in</span> 
     </span>
     <span class='ocr_line' id='line_1_10' title="bbox 220 1490 1314 1573; baseline -0.002 -17"><span class='ocrx_word' id='word_1_73' title='bbox 220 1491 317 1556; x_wconf 86' lang='lat' dir='ltr'>altero</span> <span class='ocrx_word' id='word_1_74' title='bbox 340 1509 462 1573; x_wconf 91' lang='lat' dir='ltr'>quoque</span> <span class='ocrx_word' id='word_1_75' title='bbox 488 1491 624 1572; x_wconf 76' lang='lat' dir='ltr'>exemplo</span> <span class='ocrx_word' id='word_1_76' title='bbox 647 1490 729 1573; x_wconf 88' lang='lat' dir='ltr'>apud</span> <span class='ocrx_word' id='word_1_77' title='bbox 748 1490 883 1554; x_wconf 81' lang='lat' dir='ltr'>Ennium</span> <span class='ocrx_word' id='word_1_78' title='bbox 906 1491 1011 1556; x_wconf 86' lang='lat' dir='ltr'>valeat</span> <span class='ocrx_word' id='word_1_79' title='bbox 1032 1491 1090 1556; x_wconf 91' lang='lat' dir='ltr'>hac</span> <span class='ocrx_word' id='word_1_80' title='bbox 1111 1491 1197 1556; x_wconf 90' lang='lat' dir='ltr'>inre</span> <span class='ocrx_word' id='word_1_81' title='bbox 1218 1491 1314 1556; x_wconf 87' lang='lat' dir='ltr'>etiam</span> 
     </span>
     <span class='ocr_line' id='line_1_11' title="bbox 219 1599 469 1664; baseline -0.008 0"><span class='ocrx_word' id='word_1_82' title='bbox 219 1599 469 1664; x_wconf 86' lang='lat' dir='ltr'>trithemimeres.</span> 
     </span>
    </p>

    <p class='ocr_par' dir='ltr' id='par_1_3' title="bbox 165 1707 1315 2225">
     <span class='ocr_line' id='line_1_12' title="bbox 319 1707 1314 1773; baseline 0 -1"><span class='ocrx_word' id='word_1_83' title='bbox 319 1707 427 1772; x_wconf 82' lang='lat' dir='ltr'>Eidem</span> <span class='ocrx_word' id='word_1_84' title='bbox 463 1707 772 1773; x_wconf 87' lang='lat' dir='ltr'>semiternariae</span> <span class='ocrx_word' id='word_1_85' title='bbox 802 1743 844 1752; x_wconf 94' lang='lat'>—</span> <span class='ocrx_word' id='word_1_86' title='bbox 877 1709 941 1772; x_wconf 88' lang='lat' dir='ltr'>ianr</span> <span class='ocrx_word' id='word_1_87' title='bbox 979 1707 1060 1773; x_wconf 90' lang='lat' dir='ltr'>enirn</span> <span class='ocrx_word' id='word_1_88' title='bbox 1096 1707 1186 1772; x_wconf 86' lang='lat' dir='ltr'>venia</span> <span class='ocrx_word' id='word_1_89' title='bbox 1221 1709 1314 1772; x_wconf 86' lang='lat' dir='ltr'>verbo</span> 
     </span>
     <span class='ocr_line' id='line_1_13' title="bbox 220 1815 1314 1898; baseline -0.003 -16"><span class='ocrx_word' id='word_1_90' title='bbox 220 1817 341 1884; x_wconf 81' lang='grc'><strong>6111-</strong></span> <span class='ocrx_word' id='word_1_91' title='bbox 363 1836 496 1881; x_wconf 88' lang='lat' dir='ltr'>munus</span> <span class='ocrx_word' id='word_1_92' title='bbox 526 1815 681 1898; x_wconf 86' lang='lat' dir='ltr'>aliquod</span> <span class='ocrx_word' id='word_1_93' title='bbox 715 1815 972 1880; x_wconf 83' lang='grc'><strong>66661116111</strong></span> <span class='ocrx_word' id='word_1_94' title='bbox 1001 1815 1049 1880; x_wconf 92' lang='lat' dir='ltr'>iis</span> <span class='ocrx_word' id='word_1_95' title='bbox 1080 1816 1118 1880; x_wconf 92' lang='lat' dir='ltr'>in</span> <span class='ocrx_word' id='word_1_96' title='bbox 1140 1815 1314 1881; x_wconf 82' lang='lat' dir='ltr'>versibus</span> 
     </span>
     <span class='ocr_line' id='line_1_14' title="bbox 221 1923 1314 2007; baseline -0.001 -19"><span class='ocrx_word' id='word_1_97' title='bbox 221 1925 285 1990; x_wconf 92' lang='lat' dir='ltr'>ubi</span> <span class='ocrx_word' id='word_1_98' title='bbox 306 1943 479 2007; x_wconf 84' lang='lat' dir='ltr'>graecam</span> <span class='ocrx_word' id='word_1_99' title='bbox 501 1924 671 1990; x_wconf 80' lang='lat' dir='ltr'>diximus</span> <span class='ocrx_word' id='word_1_100' title='bbox 703 1941 862 2007; x_wconf 84' lang='lat' dir='ltr'>regnare</span> <span class='ocrx_word' id='word_1_101' title='bbox 881 1923 1110 1988; x_wconf 87' lang='lat' dir='ltr'>incisionem</span> <span class='ocrx_word' id='word_1_102' title='bbox 1135 1925 1220 2005; x_wconf 88' lang='lat' dir='ltr'>post</span> <span class='ocrx_word' id='word_1_103' title='bbox 1240 1925 1314 1988; x_wconf 92' lang='lat' dir='ltr'>ter-</span> 
     </span>
     <span class='ocr_line' id='line_1_15' title="bbox 183 2031 1315 2114; baseline -0.008 -11"><span class='ocrx_word' id='word_1_104' title='bbox 183 2099 185 2103; x_wconf 85' lang='lat'>.</span> <span class='ocrx_word' id='word_1_105' title='bbox 217 2034 314 2110; x_wconf 83' lang='lat' dir='ltr'>tium</span> <span class='ocrx_word' id='word_1_106' title='bbox 338 2034 566 2098; x_wconf 80' lang='lat' dir='ltr'>trochaeum.</span> <span class='ocrx_word' id='word_1_107' title='bbox 599 2032 650 2096; x_wconf 88' lang='lat' dir='ltr'>Ad</span> <span class='ocrx_word' id='word_1_108' title='bbox 662 2033 743 2097; x_wconf 89' lang='lat' dir='ltr'>hanc</span> <span class='ocrx_word' id='word_1_109' title='bbox 757 2033 839 2096; x_wconf 92' lang='lat' dir='ltr'>enim</span> <span class='ocrx_word' id='word_1_110' title='bbox 853 2033 935 2096; x_wconf 89' lang='lat' dir='ltr'>sicut</span> <span class='ocrx_word' id='word_1_111' title='bbox 949 2032 1050 2114; x_wconf 88' lang='lat' dir='ltr'>potest</span> <span class='ocrx_word' id='word_1_112' title='bbox 1062 2032 1205 2097; x_wconf 90' lang='grc'><strong>61161616</strong></span> <span class='ocrx_word' id='word_1_113' title='bbox 1223 2031 1315 2096; x_wconf 91' lang='lat' dir='ltr'>semi-</span> 
     </span>
     <span class='ocr_line' id='line_1_16' title="bbox 165 2143 699 2225; baseline -0.006 -15"><span class='ocrx_word' id='word_1_114' title='bbox 165 2205 170 2210; x_wconf 92' lang='lat'>.</span> <span class='ocrx_word' id='word_1_115' title='bbox 220 2143 393 2225; x_wconf 89' lang='lat' dir='ltr'>septenaria</span> <span class='ocrx_word' id='word_1_116' title='bbox 415 2144 497 2207; x_wconf 93' lang='lat' dir='ltr'>hunc</span> <span class='ocrx_word' id='word_1_117' title='bbox 516 2143 549 2206; x_wconf 92' lang='lat' dir='ltr'>in</span> <span class='ocrx_word' id='word_1_118' title='bbox 570 2143 699 2208; x_wconf 91' lang='lat' dir='ltr'>modum</span> 
     </span>
    </p>

    <p class='ocr_par' dir='ltr' id='par_1_4' title="bbox 220 2251 1316 2754">
     <span class='ocr_line' id='line_1_17' title="bbox 320 2251 1314 2336; baseline -0.002 -20"><span class='ocrx_word' id='word_1_119' title='bbox 320 2253 461 2336; x_wconf 82' lang='lat' dir='ltr'>Diripere</span> <span class='ocrx_word' id='word_1_120' title='bbox 497 2271 698 2335; x_wconf 83' lang='lat' dir='ltr'>excussosque</span> <span class='ocrx_word' id='word_1_121' title='bbox 717 2257 721 2332; x_wconf 91' lang='grc' dir='ltr'>Ι</span> <span class='ocrx_word' id='word_1_122' title='bbox 740 2254 827 2318; x_wconf 90' lang='lat' dir='ltr'>iubet</span> <span class='ocrx_word' id='word_1_123' title='bbox 845 2257 850 2328; x_wconf 86' lang='grc'>1</span> <span class='ocrx_word' id='word_1_124' title='bbox 868 2253 973 2318; x_wconf 85' lang='lat' dir='ltr'>laxare</span> <span class='ocrx_word' id='word_1_125' title='bbox 1006 2253 1147 2317; x_wconf 89' lang='lat' dir='ltr'>rudentis</span> <span class='ocrx_word' id='word_1_126' title='bbox 1183 2251 1253 2333; x_wconf 81' lang='lat' dir='ltr'>(IV)</span> <span class='ocrx_word' id='word_1_127' title='bbox 1274 2285 1314 2296; x_wconf 93' lang='lat'>-</span> 
     </span>
     <span class='ocr_line' id='line_1_18' title="bbox 220 2359 1315 2444; baseline -0.005 -17"><span class='ocrx_word' id='word_1_128' title='bbox 220 2363 315 2443; x_wconf 88' lang='lat' dir='ltr'>atque</span> <span class='ocrx_word' id='word_1_129' title='bbox 346 2361 425 2426; x_wconf 89' lang='lat' dir='ltr'>talia</span> <span class='ocrx_word' id='word_1_130' title='bbox 459 2379 521 2426; x_wconf 94' lang='lat' dir='ltr'>non</span> <span class='ocrx_word' id='word_1_131' title='bbox 554 2361 655 2426; x_wconf 86' lang='lat' dir='ltr'>aliena</span> <span class='ocrx_word' id='word_1_132' title='bbox 689 2380 754 2426; x_wconf 88' lang='lat' dir='ltr'>esse</span> <span class='ocrx_word' id='word_1_133' title='bbox 786 2363 826 2428; x_wconf 90' lang='lat' dir='ltr'>ab</span> <span class='ocrx_word' id='word_1_134' title='bbox 857 2360 1097 2444; x_wconf 84' lang='lat' dir='ltr'>elegantissimis</span> <span class='ocrx_word' id='word_1_135' title='bbox 1129 2359 1315 2424; x_wconf 85' lang='lat' dir='ltr'>monstravit</span> 
     </span>
     <span class='ocr_line' id='line_1_19' title="bbox 220 2469 1315 2553; baseline -0.002 -19"><span class='ocrx_word' id='word_1_136' title='bbox 220 2471 388 2534; x_wconf 85' lang='lat' dir='ltr'>Muellerus</span> <span class='ocrx_word' id='word_1_137' title='bbox 400 2489 589 2553; x_wconf 88' lang='lat' dir='ltr'>quamquam</span> <span class='ocrx_word' id='word_1_138' title='bbox 607 2489 747 2552; x_wconf 82' lang='lat' dir='ltr'>perverse</span> <span class='ocrx_word' id='word_1_139' title='bbox 768 2471 801 2535; x_wconf 93' lang='lat' dir='ltr'>in</span> <span class='ocrx_word' id='word_1_140' title='bbox 815 2470 854 2534; x_wconf 90' lang='lat' dir='ltr'>iis</span> <span class='ocrx_word' id='word_1_141' title='bbox 873 2471 1018 2535; x_wconf 86' lang='lat' dir='ltr'>autumat</span> <span class='ocrx_word' id='word_1_142' title='bbox 1034 2469 1212 2552; x_wconf 87' lang='lat' dir='ltr'>praevalere</span> <span class='ocrx_word' id='word_1_143' title='bbox 1233 2487 1315 2534; x_wconf 90' lang='lat' dir='ltr'>mas·</span> 
     </span>
     <span class='ocr_line' id='line_1_20' title="bbox 220 2576 1316 2656; baseline -0.003 -13"><span class='ocrx_word' id='word_1_144' title='bbox 220 2580 322 2644; x_wconf 91' lang='lat' dir='ltr'>culam</span> <span class='ocrx_word' id='word_1_145' title='bbox 346 2589 505 2644; x_wconf 85' lang='lat' dir='ltr'>caesuram</span> <span class='ocrx_word' id='word_1_146' title='bbox 514 2583 540 2656; x_wconf 83' lang='lat'>²)</span> <span class='ocrx_word' id='word_1_147' title='bbox 556 2613 595 2626; x_wconf 91' lang='lat'>—·</span> <span class='ocrx_word' id='word_1_148' title='bbox 611 2579 695 2644; x_wconf 92' lang='lat' dir='ltr'>haud</span> <span class='ocrx_word' id='word_1_149' title='bbox 716 2597 803 2644; x_wconf 88' lang='lat' dir='ltr'>secus</span> <span class='ocrx_word' id='word_1_150' title='bbox 818 2579 924 2644; x_wconf 86' lang='lat' dir='ltr'>tamen</span> <span class='ocrx_word' id='word_1_151' title='bbox 944 2578 1000 2644; x_wconf 88' lang='lat' dir='ltr'>illa</span> <span class='ocrx_word' id='word_1_152' title='bbox 1015 2577 1175 2643; x_wconf 89' lang='lat' dir='ltr'>deficiente</span> <span class='ocrx_word' id='word_1_153' title='bbox 1197 2576 1316 2642; x_wconf 88' lang='lat' dir='ltr'>accedit</span> 
     </span>
     <span class='ocr_line' id='line_1_21' title="bbox 221 2688 737 2754; baseline 0.002 -2"><span class='ocrx_word' id='word_1_154' title='bbox 221 2688 435 2754; x_wconf 86' lang='lat' dir='ltr'>semiternaria</span> <span class='ocrx_word' id='word_1_155' title='bbox 456 2689 538 2753; x_wconf 92' lang='lat' dir='ltr'>hunc</span> <span class='ocrx_word' id='word_1_156' title='bbox 556 2690 589 2752; x_wconf 94' lang='lat' dir='ltr'>in</span> <span class='ocrx_word' id='word_1_157' title='bbox 612 2689 737 2754; x_wconf 93' lang='lat' dir='ltr'>modum</span> 
     </span>
    </p>

    <p class='ocr_par' dir='ltr' id='par_1_5' title="bbox 220 2794 1317 3296">
     <span class='ocr_line' id='line_1_22' title="bbox 320 2794 1230 2886; baseline -0.002 -26"><span class='ocrx_word' id='word_1_158' title='bbox 320 2797 413 2861; x_wconf 80' lang='lat' dir='ltr'>Hinc·</span> <span class='ocrx_word' id='word_1_159' title='bbox 426 2797 562 2886; x_wconf 88' lang='lat' dir='ltr'>Drepani</span> <span class='ocrx_word' id='word_1_160' title='bbox 581 2797 586 2874; x_wconf 95' lang='grc' dir='ltr'>Ι</span> <span class='ocrx_word' id='word_1_161' title='bbox 605 2816 654 2860; x_wconf 90' lang='lat' dir='ltr'>me</span> <span class='ocrx_word' id='word_1_162' title='bbox 676 2797 782 2878; x_wconf 89' lang='lat' dir='ltr'>portus</span> <span class='ocrx_word' id='word_1_163' title='bbox 801 2799 806 2878; x_wconf 93' lang='grc' dir='ltr'>Ι</span> <span class='ocrx_word' id='word_1_164' title='bbox 826 2797 856 2861; x_wconf 87' lang='grc'>61</span> <span class='ocrx_word' id='word_1_165' title='bbox 878 2794 1067 2860; x_wconf 86' lang='lat' dir='ltr'>inlaetabilis</span> <span class='ocrx_word' id='word_1_166' title='bbox 1090 2813 1144 2860; x_wconf 90' lang='lat' dir='ltr'>ora</span> <span class='ocrx_word' id='word_1_167' title='bbox 1166 2795 1230 2876; x_wconf 86' lang='lat' dir='ltr'>(V).</span> 
     </span>
     <span class='ocr_line' id='line_1_23' title="bbox 222 2903 1316 2986; baseline 0 -20"><span class='ocrx_word' id='word_1_168' title='bbox 222 2903 327 2984; x_wconf 87' lang='lat' dir='ltr'>Atque</span> <span class='ocrx_word' id='word_1_169' title='bbox 339 2903 396 2967; x_wconf 91' lang='lat' dir='ltr'>hoc</span> <span class='ocrx_word' id='word_1_170' title='bbox 411 2903 489 2986; x_wconf 85' lang='lat' dir='ltr'>legis</span> <span class='ocrx_word' id='word_1_171' title='bbox 504 2905 571 2968; x_wconf 90' lang='lat' dir='ltr'>vice</span> <span class='ocrx_word' id='word_1_172' title='bbox 584 2905 691 2968; x_wconf 88' lang='lat' dir='ltr'>haberi</span> <span class='ocrx_word' id='word_1_173' title='bbox 704 2903 794 2968; x_wconf 86' lang='lat' dir='ltr'>facile</span> <span class='ocrx_word' id='word_1_174' title='bbox 816 2904 973 2986; x_wconf 84' lang='lat' dir='ltr'>pervidere</span> <span class='ocrx_word' id='word_1_175' title='bbox 996 2904 1051 2968; x_wconf 91' lang='lat' dir='ltr'>est.</span> <span class='ocrx_word' id='word_1_176' title='bbox 1087 2903 1232 2984; x_wconf 88' lang='lat' dir='ltr'>Namque</span> <span class='ocrx_word' id='word_1_177' title='bbox 1252 2904 1316 2966; x_wconf 85' lang='lat' dir='ltr'>iam</span> 
     </span>
     <span class='ocr_line' id='line_1_24' title="bbox 222 3011 1315 3094; baseline 0 -20"><span class='ocrx_word' id='word_1_178' title='bbox 222 3011 340 3074; x_wconf 80' lang='lat' dir='ltr'>Ennius</span> <span class='ocrx_word' id='word_1_179' title='bbox 360 3031 431 3076; x_wconf 90' lang='lat' dir='ltr'>cum</span> <span class='ocrx_word' id='word_1_180' title='bbox 450 3012 571 3077; x_wconf 92' lang='lat' dir='ltr'>deciens</span> <span class='ocrx_word' id='word_1_181' title='bbox 587 3013 784 3078; x_wconf 68' lang='lat' dir='ltr'>&#39;trochaicam</span> <span class='ocrx_word' id='word_1_182' title='bbox 799 3013 864 3077; x_wconf 88' lang='lat' dir='ltr'>sine</span> <span class='ocrx_word' id='word_1_183' title='bbox 886 3011 1142 3094; x_wconf 87' lang='lat' dir='ltr'>hephthemimeri</span> <span class='ocrx_word' id='word_1_184' title='bbox 1165 3011 1315 3089; x_wconf 83' lang='lat' dir='ltr'>exhibeat,</span> 
     </span>
     <span class='ocr_line' id='line_1_25' title="bbox 220 3118 1317 3203; baseline 0 -21"><span class='ocrx_word' id='word_1_185' title='bbox 220 3119 268 3182; x_wconf 88' lang='lat' dir='ltr'>bis</span> <span class='ocrx_word' id='word_1_186' title='bbox 288 3119 413 3182; x_wconf 87' lang='lat' dir='ltr'>tantum</span> <span class='ocrx_word' id='word_1_187' title='bbox 436 3121 520 3200; x_wconf 79' lang='lat'><strong>(207.</strong></span> <span class='ocrx_word' id='word_1_188' title='bbox 543 3119 619 3203; x_wconf 77' lang='lat'>476)</span> <span class='ocrx_word' id='word_1_189' title='bbox 654 3121 900 3185; x_wconf 89' lang='lat' dir='ltr'>trithemimeren</span> <span class='ocrx_word' id='word_1_190' title='bbox 922 3139 984 3186; x_wconf 88' lang='lat' dir='ltr'>non</span> <span class='ocrx_word' id='word_1_191' title='bbox 1006 3119 1159 3202; x_wconf 89' lang='lat' dir='ltr'>supponit.</span> <span class='ocrx_word' id='word_1_192' title='bbox 1205 3118 1317 3200; x_wconf 86' lang='lat' dir='ltr'>ltaque</span> 
     </span>
     <span class='ocr_line' id='line_1_26' title="bbox 222 3219 739 3296; baseline 0.008 -6"><span class='ocrx_word' id='word_1_193' title='bbox 222 3227 447 3294; x_wconf 91' lang='lat' dir='ltr'>huiusmodi</span> <span class='ocrx_word' id='word_1_194' title='bbox 467 3231 687 3296; x_wconf 79' lang='lat' dir='ltr'>hexameter</span> <span class='ocrx_word' id='word_1_195' title='bbox 735 3219 739 3231; x_wconf 75' lang='lat'><em>&#39;</em></span> 
     </span>
    </p>
   </div>
   <div class='ocr_carea' id='block_1_3' title="bbox 224 3314 1315 3529">
    <p class='ocr_par' dir='ltr' id='par_1_6' title="bbox 224 3314 1315 3529">
     <span class='ocr_line' id='line_1_27' title="bbox 320 3314 1222 3420; baseline -0.001 -18"><span class='ocrx_word' id='word_1_196' title='bbox 320 3339 361 3402; x_wconf 89' lang='grc'>111</span> <span class='ocrx_word' id='word_1_197' title='bbox 381 3339 529 3420; x_wconf 85' lang='lat' dir='ltr'>graviora</span> <span class='ocrx_word' id='word_1_198' title='bbox 550 3338 691 3420; x_wconf 90' lang='lat' dir='ltr'>rependit</span> <span class='ocrx_word' id='word_1_199' title='bbox 709 3314 848 3420; x_wconf 24' lang='lat' dir='ltr'>l&#39;iniquis</span> <span class='ocrx_word' id='word_1_200' title='bbox 870 3357 964 3420; x_wconf 83' lang='lat' dir='ltr'>pense</span> <span class='ocrx_word' id='word_1_201' title='bbox 985 3337 1126 3420; x_wconf 90' lang='lat' dir='ltr'>quasillis</span> <span class='ocrx_word' id='word_1_202' title='bbox 1147 3334 1222 3420; x_wconf 82' lang='lat' dir='ltr'>(Vl)</span> 
     </span>
     <span class='ocr_line' id='line_1_28' title="bbox 224 3445 1315 3529; baseline -0.002 -17"><span class='ocrx_word' id='word_1_203' title='bbox 224 3446 375 3512; x_wconf 91' lang='lat' dir='ltr'>odiosus</span> <span class='ocrx_word' id='word_1_204' title='bbox 390 3447 587 3529; x_wconf 87' lang='lat' dir='ltr'>spernitur</span> <span class='ocrx_word' id='word_1_205' title='bbox 602 3465 620 3512; x_wconf 86' lang='lat' dir='ltr'>a</span> <span class='ocrx_word' id='word_1_206' title='bbox 636 3445 897 3512; x_wconf 88' lang='lat' dir='ltr'>nobilioribus</span> <span class='ocrx_word' id='word_1_207' title='bbox 912 3447 972 3512; x_wconf 87' lang='lat' dir='ltr'>nisi</span> <span class='ocrx_word' id='word_1_208' title='bbox 984 3447 1143 3528; x_wconf 87' lang='lat' dir='ltr'>singulare</span> <span class='ocrx_word' id='word_1_209' title='bbox 1154 3445 1229 3528; x_wconf 90' lang='lat' dir='ltr'>quid</span> <span class='ocrx_word' id='word_1_210' title='bbox 1241 3464 1315 3510; x_wconf 90' lang='lat' dir='ltr'>sono</span> 
     </span>
    </p>
   </div>
   <div class='ocr_carea' id='block_1_4' title="bbox 220 3635 1317 4383">
    <p class='ocr_par' dir='ltr' id='par_1_7' title="bbox 222 3635 1315 3804">
     <span class='ocr_line' id='line_1_29' title="bbox 322 3635 1315 3708; baseline -0.004 -17"><span class='ocrx_word' id='word_1_211' title='bbox 322 3637 348 3706; x_wconf 84' lang='lat'>1)</span> <span class='ocrx_word' id='word_1_212' title='bbox 366 3637 501 3693; x_wconf 87' lang='lat' dir='ltr'>Undecim</span> <span class='ocrx_word' id='word_1_213' title='bbox 513 3641 607 3691; x_wconf 84' lang='lat' dir='ltr'>autern</span> <span class='ocrx_word' id='word_1_214' title='bbox 621 3655 665 3692; x_wconf 85' lang='lat' dir='ltr'>vv.</span> <span class='ocrx_word' id='word_1_215' title='bbox 683 3637 775 3691; x_wconf 84' lang='lat' dir='ltr'>minue</span> <span class='ocrx_word' id='word_1_216' title='bbox 788 3639 869 3692; x_wconf 88' lang='lat' dir='ltr'>acute</span> <span class='ocrx_word' id='word_1_217' title='bbox 882 3635 1012 3708; x_wconf 72' lang='lat' dir='ltr'>distinxit</span> <span class='ocrx_word' id='word_1_218' title='bbox 1022 3635 1185 3706; x_wconf 83' lang='lat' dir='ltr'>Propertius</span> <span class='ocrx_word' id='word_1_219' title='bbox 1196 3651 1315 3706; x_wconf 89' lang='lat' dir='ltr'>quornm</span> 
     </span>
     <span class='ocr_line' id='line_1_30' title="bbox 222 3733 922 3804; baseline 0.003 -18"><span class='ocrx_word' id='word_1_220' title='bbox 222 3737 356 3802; x_wconf 85' lang='lat' dir='ltr'>quattuor</span> <span class='ocrx_word' id='word_1_221' title='bbox 376 3733 411 3786; x_wconf 86' lang='lat' dir='ltr'>ad</span> <span class='ocrx_word' id='word_1_222' title='bbox 431 3733 624 3804; x_wconf 79' lang='lat' dir='ltr'>graecanicam</span> <span class='ocrx_word' id='word_1_223' title='bbox 642 3733 761 3786; x_wconf 86' lang='lat' dir='ltr'>formam</span> <span class='ocrx_word' id='word_1_224' title='bbox 777 3733 922 3788; x_wconf 85' lang='lat' dir='ltr'>inclinant.</span> 
     </span>
    </p>

    <p class='ocr_par' dir='ltr' id='par_1_8' title="bbox 220 3827 1317 4383">
     <span class='ocr_line' id='line_1_31' title="bbox 321 3827 1315 3900; baseline 0.001 -18"><span class='ocrx_word' id='word_1_225' title='bbox 321 3831 348 3900; x_wconf 84' lang='lat'>2)</span> <span class='ocrx_word' id='word_1_226' title='bbox 364 3829 461 3900; x_wconf 87' lang='lat' dir='ltr'>Neque</span> <span class='ocrx_word' id='word_1_227' title='bbox 479 3829 553 3882; x_wconf 90' lang='lat' dir='ltr'>enim</span> <span class='ocrx_word' id='word_1_228' title='bbox 571 3829 653 3883; x_wconf 82' lang='lat' dir='ltr'>video</span> <span class='ocrx_word' id='word_1_229' title='bbox 680 3829 710 3882; x_wconf 88' lang='lat' dir='ltr'>in</span> <span class='ocrx_word' id='word_1_230' title='bbox 738 3827 793 3884; x_wconf 92' lang='lat' dir='ltr'>hoc</span> <span class='ocrx_word' id='word_1_231' title='bbox 811 3827 919 3898; x_wconf 84' lang='lat' dir='ltr'>Vergili</span> <span class='ocrx_word' id='word_1_232' title='bbox 936 3845 1031 3882; x_wconf 84' lang='lat' dir='ltr'>versu:</span> <span class='ocrx_word' id='word_1_233' title='bbox 1061 3828 1189 3882; x_wconf 87' lang='lat' dir='ltr'>Addam</span> <span class='ocrx_word' id='word_1_234' title='bbox 1216 3846 1315 3883; x_wconf 86' lang='lat' dir='ltr'>cerea</span> 
     </span>
     <span class='ocr_line' id='line_1_32' title="bbox 221 3923 1316 3995; baseline 0.001 -18"><span class='ocrx_word' id='word_1_235' title='bbox 221 3923 328 3994; x_wconf 85' lang='lat' dir='ltr'>prun&#39;a</span> <span class='ocrx_word' id='word_1_236' title='bbox 344 3927 348 3994; x_wconf 90' lang='grc' dir='ltr'>Ι</span> <span class='ocrx_word' id='word_1_237' title='bbox 364 3926 470 3979; x_wconf 88' lang='lat' dir='ltr'>honos</span> <span class='ocrx_word' id='word_1_238' title='bbox 482 3925 549 3979; x_wconf 87' lang='lat' dir='ltr'>erit</span> <span class='ocrx_word' id='word_1_239' title='bbox 567 3925 646 3979; x_wconf 91' lang='lat' dir='ltr'>hnic</span> <span class='ocrx_word' id='word_1_240' title='bbox 658 3941 791 3995; x_wconf 91' lang='lat' dir='ltr'>quoque</span> <span class='ocrx_word' id='word_1_241' title='bbox 811 3941 906 3992; x_wconf 90' lang='lat' dir='ltr'>pomo</span> <span class='ocrx_word' id='word_1_242' title='bbox 919 3925 1047 3993; x_wconf 85' lang='lat' dir='ltr'>quoniam</span> <span class='ocrx_word' id='word_1_243' title='bbox 1060 3929 1192 3978; x_wconf 85' lang='lat' dir='ltr'>accentus</span> <span class='ocrx_word' id='word_1_244' title='bbox 1202 3925 1277 3978; x_wconf 88' lang='lat' dir='ltr'>inter</span> <span class='ocrx_word' id='word_1_245' title='bbox 1287 3943 1316 3978; x_wconf 85' lang='lat' dir='ltr'>aa</span> 
     </span>
     <span class='ocr_line' id='line_1_33' title="bbox 220 4020 1316 4091; baseline -0.002 -17"><span class='ocrx_word' id='word_1_246' title='bbox 220 4037 277 4074; x_wconf 91' lang='lat' dir='ltr'>non</span> <span class='ocrx_word' id='word_1_247' title='bbox 305 4020 420 4090; x_wconf 82' lang='lat' dir='ltr'>litigant</span> <span class='ocrx_word' id='word_1_248' title='bbox 437 4020 578 4090; x_wconf 85' lang='lat' dir='ltr'>quomodo</span> <span class='ocrx_word' id='word_1_249' title='bbox 603 4021 658 4076; x_wconf 83' lang='lat' dir='ltr'>nisi</span> <span class='ocrx_word' id='word_1_250' title='bbox 685 4038 736 4090; x_wconf 86' lang='lat' dir='ltr'>per</span> <span class='ocrx_word' id='word_1_251' title='bbox 764 4038 907 4074; x_wconf 85' lang='lat' dir='ltr'>caesuram</span> <span class='ocrx_word' id='word_1_252' title='bbox 934 4021 1096 4091; x_wconf 88' lang='lat' dir='ltr'>primariam</span> <span class='ocrx_word' id='word_1_253' title='bbox 1124 4021 1316 4090; x_wconf 84' lang='lat' dir='ltr'>graecanicam</span> 
     </span>
     <span class='ocr_line' id='line_1_34' title="bbox 221 4115 1317 4186; baseline -0.002 -16"><span class='ocrx_word' id='word_1_254' title='bbox 221 4115 355 4185; x_wconf 83' lang='lat' dir='ltr'>explicari</span> <span class='ocrx_word' id='word_1_255' title='bbox 382 4117 470 4186; x_wconf 86' lang='lat' dir='ltr'>possit</span> <span class='ocrx_word' id='word_1_256' title='bbox 497 4117 597 4170; x_wconf 78' lang='lat' dir='ltr'>hiatur.</span> <span class='ocrx_word' id='word_1_257' title='bbox 636 4116 716 4184; x_wconf 76' lang='lat' dir='ltr'>Quod</span> <span class='ocrx_word' id='word_1_258' title='bbox 741 4133 806 4172; x_wconf 88' lang='lat' dir='ltr'>vero</span> <span class='ocrx_word' id='word_1_259' title='bbox 832 4117 937 4186; x_wconf 81' lang='lat' dir='ltr'>legitur</span> <span class='ocrx_word' id='word_1_260' title='bbox 963 4116 993 4169; x_wconf 89' lang='lat' dir='ltr'>in</span> <span class='ocrx_word' id='word_1_261' title='bbox 1013 4116 1136 4170; x_wconf 86' lang='lat' dir='ltr'>Catullo:</span> <span class='ocrx_word' id='word_1_262' title='bbox 1166 4116 1237 4184; x_wconf 78' lang='lat' dir='ltr'>Qua</span> <span class='ocrx_word' id='word_1_263' title='bbox 1254 4131 1317 4169; x_wconf 87' lang='lat' dir='ltr'>rex</span> 
     </span>
     <span class='ocr_line' id='line_1_35' title="bbox 221 4213 1317 4283; baseline 0 -17"><span class='ocrx_word' id='word_1_264' title='bbox 221 4217 435 4283; x_wconf 84' lang='lat' dir='ltr'>tempestate</span> <span class='ocrx_word' id='word_1_265' title='bbox 464 4213 945 4283; x_wconf 78' lang='lat' dir='ltr'>novolauctuslhymenaeo‚</span> <span class='ocrx_word' id='word_1_266' title='bbox 973 4213 1071 4283; x_wconf 86' lang='lat' dir='ltr'>quinta</span> <span class='ocrx_word' id='word_1_267' title='bbox 1096 4213 1151 4268; x_wconf 85' lang='lat' dir='ltr'>arei</span> <span class='ocrx_word' id='word_1_268' title='bbox 1178 4213 1317 4282; x_wconf 86' lang='lat' dir='ltr'>probatur</span> 
     </span>
     <span class='ocr_line' id='line_1_36' title="bbox 226 4309 1316 4383; baseline 0.002 -19"><span class='ocrx_word' id='word_1_269' title='bbox 226 4310 312 4365; x_wconf 85' lang='lat' dir='ltr'>etiam</span> <span class='ocrx_word' id='word_1_270' title='bbox 334 4310 364 4365; x_wconf 91' lang='lat' dir='ltr'>in</span> <span class='ocrx_word' id='word_1_271' title='bbox 381 4314 482 4382; x_wconf 87' lang='lat' dir='ltr'>quarta</span> <span class='ocrx_word' id='word_1_272' title='bbox 500 4310 661 4368; x_wconf 85' lang='lat' dir='ltr'>violentiam</span> <span class='ocrx_word' id='word_1_273' title='bbox 679 4311 771 4369; x_wconf 83' lang='lat' dir='ltr'>valere</span> <span class='ocrx_word' id='word_1_274' title='bbox 789 4311 861 4367; x_wconf 85' lang='grc'><strong>11111</strong></span> <span class='ocrx_word' id='word_1_275' title='bbox 878 4311 1002 4381; x_wconf 79' lang='grc'><strong>11611111;</strong></span> <span class='ocrx_word' id='word_1_276' title='bbox 1025 4310 1060 4365; x_wconf 81' lang='lat' dir='ltr'>cf.</span> <span class='ocrx_word' id='word_1_277' title='bbox 1079 4327 1124 4383; x_wconf 80' lang='lat' dir='ltr'>pg.</span> <span class='ocrx_word' id='word_1_278' title='bbox 1143 4312 1160 4366; x_wconf 84' lang='grc'>9</span> <span class='ocrx_word' id='word_1_279' title='bbox 1177 4311 1272 4369; x_wconf 77' lang='lat' dir='ltr'>adnot.</span> <span class='ocrx_word' id='word_1_280' title='bbox 1291 4309 1316 4369; x_wconf 83' lang='lat'>2.</span> 
     </span>
    </p>
   </div>
   <div class='ocr_carea' id='block_1_5' title="bbox 0 0 1588 4940">
    <p class='ocr_par' dir='ltr' id='par_1_9' title="bbox 0 0 1588 4940">
     <span class='ocr_line' id='line_1_37' title="bbox 0 0 1588 4940; baseline 0 0"><span class='ocrx_word' id='word_1_281' title='bbox 0 0 1588 4940; x_wconf 95' lang='lat' dir='ltr'> </span> 
     </span>
    </p>
   </div>
  </div>
 </body>
</html>
